JournalCode	JournalLib	EcritureNum	EcritureDate	CompteNum	CompteLib	CompAuxNum	CompAuxLib	PieceRef	PieceDate	EcritureLib	Debit	Credit	EcritureLet	DateLet	ValidDate	Montantdevise	Idevise
AN	Journal des à-nouveaux	1	20250101	108	Compte de l'exploitant			NBIXD4ZD9F	20250101	Report à nouveau	0,0	1335,38				-1335,38	EUR
AN	Journal des à-nouveaux	1	20250101	370	Stocks de marchandises			NBIXD4ZD9F	20250101	Report à nouveau	1500,0	0,0				1500,00	EUR
AN	Journal des à-nouveaux	1	20250101	530	Caisse			NBIXD4ZD9F	20250101	Report à nouveau	417,12	0,0				417,12	EUR
AN	Journal des à-nouveaux	1	20250101	5121001	Crédit Mutuel - CREDIT MUTUEL SUD OUEST			NBIXD4ZD9F	20250101	Report à nouveau	7627,56	0,0				7627,56	EUR
AN	Journal des à-nouveaux	1	20250101	421	PERSONNEL REMUNERAT DUES			NBIXD4ZD9F	20250101	2024-07-31 – ACOMPTE MARIEL SIMON - Report à nouveau	0,0	400,0	A	20250101		-400,00	EUR
AN	Journal des à-nouveaux	1	20250101	421	PERSONNEL REMUNERAT DUES			NBIXD4ZD9F	20250101	2024-08-31 – ACOMPTE MARIEL SIMON - Report à nouveau	0,0	100,0	A	20250101		-100,00	EUR
AN	Journal des à-nouveaux	1	20250101	51121	PAYPAL+ CB			NBIXD4ZD9F	20250101	2024-05-10 – PAYPAL - Report à nouveau	0,0	811,93	B	20250101		-811,93	EUR
AN	Journal des à-nouveaux	1	20250101	51121	PAYPAL+ CB			NBIXD4ZD9F	20250101	2024-05-21 – PAYPAL - Report à nouveau	0,0	719,18	B	20250101		-719,18	EUR
AN	Journal des à-nouveaux	1	20250101	51121	PAYPAL+ CB			NBIXD4ZD9F	20250101	2024-06-03 – PAYPAL - Report à nouveau	0,0	752,09	B	20250101		-752,09	EUR
AN	Journal des à-nouveaux	1	20250101	51121	PAYPAL+ CB			NBIXD4ZD9F	20250101	2024-06-05 – PAYPAL+ CB - Report à nouveau	0,0	265,23	B	20250101		-265,23	EUR
AN	Journal des à-nouveaux	1	20250101	51121	PAYPAL+ CB			NBIXD4ZD9F	20250101	2024-06-06 – PAYPAL - Report à nouveau	0,0	34,88	B	20250101		-34,88	EUR
AN	Journal des à-nouveaux	1	20250101	51121	PAYPAL+ CB			NBIXD4ZD9F	20250101	2024-06-12 – PAYPAL - Report à nouveau	0,0	25,05	B	20250101		-25,05	EUR
AN	Journal des à-nouveaux	1	20250101	5112	Chèques à encaisser			NBIXD4ZD9F	20250101	2024-06-17 – REMISE CHQS - Report à nouveau	0,0	531,0	C	20250101		-531,00	EUR
AN	Journal des à-nouveaux	1	20250101	51121	PAYPAL+ CB			NBIXD4ZD9F	20250101	2024-06-17 – PAYPAL - Report à nouveau	0,0	679,31	B	20250101		-679,31	EUR
AN	Journal des à-nouveaux	1	20250101	51121	PAYPAL+ CB			NBIXD4ZD9F	20250101	2024-06-25 – PAYPAL - Report à nouveau	0,0	145,41	B	20250101		-145,41	EUR
AN	Journal des à-nouveaux	1	20250101	51121	PAYPAL+ CB			NBIXD4ZD9F	20250101	2024-06-26 – PAYPAL - Report à nouveau	0,0	184,78	B	20250101		-184,78	EUR
AN	Journal des à-nouveaux	1	20250101	51121	PAYPAL+ CB			NBIXD4ZD9F	20250101	2024-06-27 – PAYPAL - Report à nouveau	0,0	39,4	B	20250101		-39,40	EUR
AN	Journal des à-nouveaux	1	20250101	51121	PAYPAL+ CB			NBIXD4ZD9F	20250101	2024-06-28 – PAYPAL - Report à nouveau	0,0	285,91	B	20250101		-285,91	EUR
AN	Journal des à-nouveaux	1	20250101	5112	Chèques à encaisser			NBIXD4ZD9F	20250101	2024-07-02 – CHEQUES A ENCAISSER - Report à nouveau	0,0	62,8	C	20250101		-62,80	EUR
AN	Journal des à-nouveaux	1	20250101	51121	PAYPAL+ CB			NBIXD4ZD9F	20250101	2024-07-04 – PAYPAL - Report à nouveau	0,0	124,37	B	20250101		-124,37	EUR
AN	Journal des à-nouveaux	1	20250101	51121	PAYPAL+ CB			NBIXD4ZD9F	20250101	2024-07-09 – PAYPAL - Report à nouveau	0,0	339,74	B	20250101		-339,74	EUR
AN	Journal des à-nouveaux	1	20250101	51121	PAYPAL+ CB			NBIXD4ZD9F	20250101	2024-07-10 – PAYPAL - Report à nouveau	0,0	1103,53	B	20250101		-1103,53	EUR
AN	Journal des à-nouveaux	1	20250101	51121	PAYPAL+ CB			NBIXD4ZD9F	20250101	2024-07-12 – PAYPAL - Report à nouveau	0,0	812,13	B	20250101		-812,13	EUR
AN	Journal des à-nouveaux	1	20250101	51121	PAYPAL+ CB			NBIXD4ZD9F	20250101	2024-07-15 – PAYPAL - Report à nouveau	0,0	2389,87	B	20250101		-2389,87	EUR
AN	Journal des à-nouveaux	1	20250101	51121	PAYPAL+ CB			NBIXD4ZD9F	20250101	2024-07-19 – PAYPAL - Report à nouveau	0,0	609,83	B	20250101		-609,83	EUR
AN	Journal des à-nouveaux	1	20250101	51121	PAYPAL+ CB			NBIXD4ZD9F	20250101	2024-07-22 – PAYPAL - Report à nouveau	0,0	2065,43	B	20250101		-2065,43	EUR
AN	Journal des à-nouveaux	1	20250101	51121	PAYPAL+ CB			NBIXD4ZD9F	20250101	2024-07-23 – PAYPAL - Report à nouveau	0,0	296,23	B	20250101		-296,23	EUR
AN	Journal des à-nouveaux	1	20250101	51121	PAYPAL+ CB			NBIXD4ZD9F	20250101	2024-07-24 – PAYPAL - Report à nouveau	0,0	742,37	B	20250101		-742,37	EUR
AN	Journal des à-nouveaux	1	20250101	51121	PAYPAL+ CB			NBIXD4ZD9F	20250101	2024-07-29 – PAYPAL - Report à nouveau	0,0	2190,84	B	20250101		-2190,84	EUR
AN	Journal des à-nouveaux	1	20250101	51121	PAYPAL+ CB			NBIXD4ZD9F	20250101	2024-07-30 – PAYPAL - Report à nouveau	0,0	936,39	B	20250101		-936,39	EUR
AN	Journal des à-nouveaux	1	20250101	51121	PAYPAL+ CB			NBIXD4ZD9F	20250101	2024-07-31 – PAYPAL - Report à nouveau	0,0	1159,56	B	20250101		-1159,56	EUR
AN	Journal des à-nouveaux	1	20250101	51121	PAYPAL+ CB			NBIXD4ZD9F	20250101	2024-08-13 – PAYPAL - Report à nouveau	0,0	893,17	B	20250101		-893,17	EUR
AN	Journal des à-nouveaux	1	20250101	51121	PAYPAL+ CB			NBIXD4ZD9F	20250101	2024-08-16 – PAYPAL - Report à nouveau	0,0	1839,71	B	20250101		-1839,71	EUR
AN	Journal des à-nouveaux	1	20250101	51121	PAYPAL+ CB			NBIXD4ZD9F	20250101	2024-08-19 – PAYPAL - Report à nouveau	0,0	2398,6	B	20250101		-2398,60	EUR
AN	Journal des à-nouveaux	1	20250101	51121	PAYPAL+ CB			NBIXD4ZD9F	20250101	2024-08-20 – PAYPAL - Report à nouveau	0,0	189,13	B	20250101		-189,13	EUR
AN	Journal des à-nouveaux	1	20250101	51121	PAYPAL+ CB			NBIXD4ZD9F	20250101	2024-08-22 – PAYPAL - Report à nouveau	0,0	464,3	B	20250101		-464,30	EUR
AN	Journal des à-nouveaux	1	20250101	51121	PAYPAL+ CB			NBIXD4ZD9F	20250101	2024-08-23 – PAYPAL - Report à nouveau	0,0	329,02	B	20250101		-329,02	EUR
AN	Journal des à-nouveaux	1	20250101	51121	PAYPAL+ CB			NBIXD4ZD9F	20250101	2024-08-27 – PAYPAL - Report à nouveau	0,0	167,32	B	20250101		-167,32	EUR
AN	Journal des à-nouveaux	1	20250101	51121	PAYPAL+ CB			NBIXD4ZD9F	20250101	2024-08-28 – PAYPAL - Report à nouveau	0,0	877,74	B	20250101		-877,74	EUR
AN	Journal des à-nouveaux	1	20250101	51121	PAYPAL+ CB			NBIXD4ZD9F	20250101	2024-08-29 – PAYPAL - Report à nouveau	0,0	773,02	B	20250101		-773,02	EUR
AN	Journal des à-nouveaux	1	20250101	51121	PAYPAL+ CB			NBIXD4ZD9F	20250101	2024-08-30 – PAYPAL - Report à nouveau	0,0	585,55	B	20250101		-585,55	EUR
AN	Journal des à-nouveaux	1	20250101	51121	PAYPAL+ CB			NBIXD4ZD9F	20250101	2024-09-06 – PAYPAL+ CB - Report à nouveau	0,0	66,32	B	20250101		-66,32	EUR
AN	Journal des à-nouveaux	1	20250101	51121	PAYPAL+ CB			NBIXD4ZD9F	20250101	2024-09-09 – PAYPAL+ CB - Report à nouveau	0,0	403,82	B	20250101		-403,82	EUR
AN	Journal des à-nouveaux	1	20250101	51121	PAYPAL+ CB			NBIXD4ZD9F	20250101	2024-09-16 – PAYPAL+ CB - Report à nouveau	0,0	220,48	B	20250101		-220,48	EUR
AN	Journal des à-nouveaux	1	20250101	51121	PAYPAL+ CB			NBIXD4ZD9F	20250101	2024-05-31 – Libellé manquant – 31-05-2024-53000 - Report à nouveau	5960,85	0,0	B	20250101		5960,85	EUR
AN	Journal des à-nouveaux	1	20250101	5112	Chèques à encaisser			NBIXD4ZD9F	20250101	2024-05-31 – Libellé manquant – 31-05-2024-53000 - Report à nouveau	84,0	0,0	C	20250101		84,00	EUR
AN	Journal des à-nouveaux	1	20250101	51121	PAYPAL+ CB			NBIXD4ZD9F	20250101	2024-06-30 – Libellé manquant – 30-06-2024-53000 - Report à nouveau	4543,2	0,0	B	20250101		4543,20	EUR
AN	Journal des à-nouveaux	1	20250101	5112	Chèques à encaisser			NBIXD4ZD9F	20250101	2024-06-30 – Libellé manquant – 30-06-2024-53000 - Report à nouveau	679,3	0,0	C	20250101		679,30	EUR
AN	Journal des à-nouveaux	1	20250101	51121	PAYPAL+ CB			NBIXD4ZD9F	20250101	2024-07-31 – Libellé manquant – 31-07-2024-53000 - Report à nouveau	16757,6	0,0	B	20250101		16757,60	EUR
AN	Journal des à-nouveaux	1	20250101	5112	Chèques à encaisser			NBIXD4ZD9F	20250101	2024-07-31 – Libellé manquant – 31-07-2024-53000 - Report à nouveau	885,9	0,0	C	20250101		885,90	EUR
AN	Journal des à-nouveaux	1	20250101	51121	PAYPAL+ CB			NBIXD4ZD9F	20250101	2024-07-31 – Libellé manquant – 31-07-2024-53000 - Report à nouveau	30,0	0,0	B	20250101		30,00	EUR
AN	Journal des à-nouveaux	1	20250101	51121	PAYPAL+ CB			NBIXD4ZD9F	20250101	2024-08-31 – Libellé manquant – 31-08-2024-53000 - Report à nouveau	21686,96	0,0	B	20250101		21686,96	EUR
AN	Journal des à-nouveaux	1	20250101	5112	Chèques à encaisser			NBIXD4ZD9F	20250101	2024-08-31 – Libellé manquant – 31-08-2024-53000 - Report à nouveau	3349,45	0,0	C	20250101		3349,45	EUR
AN	Journal des à-nouveaux	1	20250101	51121	PAYPAL+ CB			NBIXD4ZD9F	20250101	2024-09-30 – Libellé manquant – 30-09-2024-53000 - Report à nouveau	1515,5	0,0	B	20250101		1515,50	EUR
AN	Journal des à-nouveaux	1	20250101	421	PERSONNEL REMUNERAT DUES			NBIXD4ZD9F	20250101	2024-09-30 – 00001 - LABICHE MYLENE - Report à nouveau	0,0	1401,94	A	20250101		-1401,94	EUR
AN	Journal des à-nouveaux	1	20250101	51121	PAYPAL+ CB			NBIXD4ZD9F	20250101	2024-04-02 – PAYPAL - Report à nouveau	0,0	1903,6	B	20250101		-1903,60	EUR
AN	Journal des à-nouveaux	1	20250101	51121	PAYPAL+ CB			NBIXD4ZD9F	20250101	2024-04-03 – PAYPAL - Report à nouveau	0,0	32,0	B	20250101		-32,00	EUR
AN	Journal des à-nouveaux	1	20250101	51121	PAYPAL+ CB			NBIXD4ZD9F	20250101	2024-04-04 – PAYPAL - Report à nouveau	0,0	88,5	B	20250101		-88,50	EUR
AN	Journal des à-nouveaux	1	20250101	51121	PAYPAL+ CB			NBIXD4ZD9F	20250101	2024-04-05 – PAYPAL - Report à nouveau	0,0	146,68	B	20250101		-146,68	EUR
AN	Journal des à-nouveaux	1	20250101	51121	PAYPAL+ CB			NBIXD4ZD9F	20250101	2024-04-08 – PAYPAL - Report à nouveau	0,0	45,19	B	20250101		-45,19	EUR
AN	Journal des à-nouveaux	1	20250101	51121	PAYPAL+ CB			NBIXD4ZD9F	20250101	2024-05-06 – PAYPAL - Report à nouveau	0,0	719,12	B	20250101		-719,12	EUR
AN	Journal des à-nouveaux	1	20250101	51121	PAYPAL+ CB			NBIXD4ZD9F	20250101	2024-05-13 – PAYPAL - Report à nouveau	0,0	2476,38	B	20250101		-2476,38	EUR
AN	Journal des à-nouveaux	1	20250101	51121	PAYPAL+ CB			NBIXD4ZD9F	20250101	2024-05-16 – PAYPAL - Report à nouveau	0,0	8,84	B	20250101		-8,84	EUR
AN	Journal des à-nouveaux	1	20250101	51121	PAYPAL+ CB			NBIXD4ZD9F	20250101	2024-05-23 – PAYPAL - Report à nouveau	0,0	308,01	B	20250101		-308,01	EUR
AN	Journal des à-nouveaux	1	20250101	51121	PAYPAL+ CB			NBIXD4ZD9F	20250101	2024-05-27 – PAYPAL - Report à nouveau	0,0	566,46	B	20250101		-566,46	EUR
AN	Journal des à-nouveaux	1	20250101	51121	PAYPAL+ CB			NBIXD4ZD9F	20250101	2024-05-31 – PAYPAL - Report à nouveau	0,0	54,53	B	20250101		-54,53	EUR
AN	Journal des à-nouveaux	1	20250101	51121	PAYPAL+ CB			NBIXD4ZD9F	20250101	2024-06-10 – PAYPAL - Report à nouveau	0,0	432,09	B	20250101		-432,09	EUR
AN	Journal des à-nouveaux	1	20250101	51121	PAYPAL+ CB			NBIXD4ZD9F	20250101	2024-06-13 – PAYPAL - Report à nouveau	0,0	94,42	B	20250101		-94,42	EUR
AN	Journal des à-nouveaux	1	20250101	51121	PAYPAL+ CB			NBIXD4ZD9F	20250101	2024-06-14 – PAYPAL - Report à nouveau	0,0	28,69	B	20250101		-28,69	EUR
AN	Journal des à-nouveaux	1	20250101	51121	PAYPAL+ CB			NBIXD4ZD9F	20250101	2024-06-19 – PAYPAL - Report à nouveau	0,0	61,9	B	20250101		-61,90	EUR
AN	Journal des à-nouveaux	1	20250101	51121	PAYPAL+ CB			NBIXD4ZD9F	20250101	2024-06-24 – PAYPAL - Report à nouveau	0,0	617,83	B	20250101		-617,83	EUR
AN	Journal des à-nouveaux	1	20250101	51121	PAYPAL+ CB			NBIXD4ZD9F	20250101	2024-07-01 – PAYPAL - Report à nouveau	0,0	863,13	B	20250101		-863,13	EUR
AN	Journal des à-nouveaux	1	20250101	51121	PAYPAL+ CB			NBIXD4ZD9F	20250101	2024-07-02 – PAYPAL - Report à nouveau	0,0	74,28	B	20250101		-74,28	EUR
AN	Journal des à-nouveaux	1	20250101	51121	PAYPAL+ CB			NBIXD4ZD9F	20250101	2024-07-03 – PAYPAL - Report à nouveau	0,0	175,97	B	20250101		-175,97	EUR
AN	Journal des à-nouveaux	1	20250101	51121	PAYPAL+ CB			NBIXD4ZD9F	20250101	2024-07-08 – PAYPAL - Report à nouveau	0,0	1587,51	B	20250101		-1587,51	EUR
AN	Journal des à-nouveaux	1	20250101	51121	PAYPAL+ CB			NBIXD4ZD9F	20250101	2024-07-11 – PAYPAL - Report à nouveau	0,0	146,78	B	20250101		-146,78	EUR
AN	Journal des à-nouveaux	1	20250101	51121	PAYPAL+ CB			NBIXD4ZD9F	20250101	2024-07-16 – PAYPAL - Report à nouveau	0,0	356,06	B	20250101		-356,06	EUR
AN	Journal des à-nouveaux	1	20250101	51121	PAYPAL+ CB			NBIXD4ZD9F	20250101	2024-07-17 – PAYPAL - Report à nouveau	0,0	295,83	B	20250101		-295,83	EUR
AN	Journal des à-nouveaux	1	20250101	51121	PAYPAL+ CB			NBIXD4ZD9F	20250101	2024-07-18 – PAYPAL - Report à nouveau	0,0	326,58	B	20250101		-326,58	EUR
AN	Journal des à-nouveaux	1	20250101	51121	PAYPAL+ CB			NBIXD4ZD9F	20250101	2024-07-25 – PAYPAL - Report à nouveau	0,0	477,98	B	20250101		-477,98	EUR
AN	Journal des à-nouveaux	1	20250101	51121	PAYPAL+ CB			NBIXD4ZD9F	20250101	2024-07-26 – PAYPAL - Report à nouveau	0,0	1815,78	B	20250101		-1815,78	EUR
AN	Journal des à-nouveaux	1	20250101	51121	PAYPAL+ CB			NBIXD4ZD9F	20250101	2024-08-01 – PAYPAL - Report à nouveau	0,0	352,99	B	20250101		-352,99	EUR
AN	Journal des à-nouveaux	1	20250101	51121	PAYPAL+ CB			NBIXD4ZD9F	20250101	2024-08-02 – PAYPAL - Report à nouveau	0,0	1195,13	B	20250101		-1195,13	EUR
AN	Journal des à-nouveaux	1	20250101	51121	PAYPAL+ CB			NBIXD4ZD9F	20250101	2024-08-05 – PAYPAL - Report à nouveau	0,0	2437,88	B	20250101		-2437,88	EUR
AN	Journal des à-nouveaux	1	20250101	51121	PAYPAL+ CB			NBIXD4ZD9F	20250101	2024-08-06 – PAYPAL - Report à nouveau	0,0	545,86	B	20250101		-545,86	EUR
AN	Journal des à-nouveaux	1	20250101	51121	PAYPAL+ CB			NBIXD4ZD9F	20250101	2024-08-07 – PAYPAL - Report à nouveau	0,0	749,02	B	20250101		-749,02	EUR
AN	Journal des à-nouveaux	1	20250101	51121	PAYPAL+ CB			NBIXD4ZD9F	20250101	2024-08-08 – PAYPAL - Report à nouveau	0,0	1023,84	B	20250101		-1023,84	EUR
AN	Journal des à-nouveaux	1	20250101	51121	PAYPAL+ CB			NBIXD4ZD9F	20250101	2024-08-09 – PAYPAL - Report à nouveau	0,0	1631,41	B	20250101		-1631,41	EUR
AN	Journal des à-nouveaux	1	20250101	51121	PAYPAL+ CB			NBIXD4ZD9F	20250101	2024-08-12 – PAYPAL - Report à nouveau	0,0	3654,38	B	20250101		-3654,38	EUR
AN	Journal des à-nouveaux	1	20250101	51121	PAYPAL+ CB			NBIXD4ZD9F	20250101	2024-08-14 – PAYPAL - Report à nouveau	0,0	881,58	B	20250101		-881,58	EUR
AN	Journal des à-nouveaux	1	20250101	51121	PAYPAL+ CB			NBIXD4ZD9F	20250101	2024-08-15 – PAYPAL - Report à nouveau	0,0	482,08	B	20250101		-482,08	EUR
AN	Journal des à-nouveaux	1	20250101	51121	PAYPAL+ CB			NBIXD4ZD9F	20250101	2024-08-21 – PAYPAL - Report à nouveau	0,0	967,26	B	20250101		-967,26	EUR
AN	Journal des à-nouveaux	1	20250101	51121	PAYPAL+ CB			NBIXD4ZD9F	20250101	2024-08-26 – PAYPAL - Report à nouveau	0,0	1959,36	B	20250101		-1959,36	EUR
AN	Journal des à-nouveaux	1	20250101	51121	PAYPAL+ CB			NBIXD4ZD9F	20250101	2024-09-02 – PAYPAL+ CB - Report à nouveau	0,0	1227,3	B	20250101		-1227,30	EUR
AN	Journal des à-nouveaux	1	20250101	51121	PAYPAL+ CB			NBIXD4ZD9F	20250101	2024-09-03 – PAYPAL+ CB - Report à nouveau	0,0	102,28	B	20250101		-102,28	EUR
AN	Journal des à-nouveaux	1	20250101	51121	PAYPAL+ CB			NBIXD4ZD9F	20250101	2024-09-05 – PAYPAL+ CB - Report à nouveau	0,0	115,84	B	20250101		-115,84	EUR
AN	Journal des à-nouveaux	1	20250101	51121	PAYPAL+ CB			NBIXD4ZD9F	20250101	2024-09-12 – PAYPAL+ CB - Report à nouveau	0,0	165,46	B	20250101		-165,46	EUR
AN	Journal des à-nouveaux	1	20250101	421	PERSONNEL REMUNERAT DUES			NBIXD4ZD9F	20250101	2024-09-26 – LABICHE MYLENE - Report à nouveau	1444,43	0,0	A	20250101		1444,43	EUR
AN	Journal des à-nouveaux	1	20250101	51121	PAYPAL+ CB			NBIXD4ZD9F	20250101	2024-10-07 – PAYPAL+ CB - Report à nouveau	0,0	1584,0	B	20250101		-1584,00	EUR
AN	Journal des à-nouveaux	1	20250101	421	PERSONNEL REMUNERAT DUES			NBIXD4ZD9F	20250101	2024-12-31 – ACOMPTE SIMON ESPECE – O9BFRA4PQG - Report à nouveau	500,0	0,0	A	20250101		500,00	EUR
AN	Journal des à-nouveaux	1	20250101	421	PERSONNEL REMUNERAT DUES			NBIXD4ZD9F	20250101	2024-12-31 – ESPCE MYLENE – VZAWYUAHK1 - Report à nouveau	0,0	42,49	A	20250101		-42,49	EUR
AN	Journal des à-nouveaux	1	20250101	5112	Chèques à encaisser			NBIXD4ZD9F	20250101	2024-12-31 – CAISSE CA 2024 – TQLHFA5OAU - Report à nouveau	0,0	4404,85	C	20250101		-4404,85	EUR
AN	Journal des à-nouveaux	1	20250101	51121	PAYPAL+ CB			NBIXD4ZD9F	20250101	2024-12-31 – CAISSE CA 2024 – CNPATFWYBI - Report à nouveau	8112,21	0,0	B	20250101		8112,21	EUR
AN	Journal des à-nouveaux	1	20250101	4081	Fournisseurs			NBIXD4ZD9F	20250101	2024-12-31 – FNP HONORAIRES BILAN 2024 – QUSBRFCLWX - Report à nouveau	0,0	1200,0				-1200,00	EUR
AN	Journal des à-nouveaux	1	20250101	51121	PAYPAL+ CB			NBIXD4ZD9F	20250101	2024-04-11 – PAYPAL - Report à nouveau	0,0	123,6	B	20250101		-123,60	EUR
AN	Journal des à-nouveaux	1	20250101	51121	PAYPAL+ CB			NBIXD4ZD9F	20250101	2024-04-15 – PAYPAL - Report à nouveau	0,0	1559,83	B	20250101		-1559,83	EUR
AN	Journal des à-nouveaux	1	20250101	51121	PAYPAL+ CB			NBIXD4ZD9F	20250101	2024-04-16 – PAYPAL - Report à nouveau	0,0	163,19	B	20250101		-163,19	EUR
AN	Journal des à-nouveaux	1	20250101	51121	PAYPAL+ CB			NBIXD4ZD9F	20250101	2024-04-17 – PAYPAL - Report à nouveau	0,0	209,87	B	20250101		-209,87	EUR
AN	Journal des à-nouveaux	1	20250101	51121	PAYPAL+ CB			NBIXD4ZD9F	20250101	2024-04-18 – PAYPAL - Report à nouveau	0,0	96,87	B	20250101		-96,87	EUR
AN	Journal des à-nouveaux	1	20250101	51121	PAYPAL+ CB			NBIXD4ZD9F	20250101	2024-04-19 – PAYPAL - Report à nouveau	0,0	57,28	B	20250101		-57,28	EUR
AN	Journal des à-nouveaux	1	20250101	51121	PAYPAL+ CB			NBIXD4ZD9F	20250101	2024-04-22 – PAYPAL - Report à nouveau	0,0	852,62	B	20250101		-852,62	EUR
AN	Journal des à-nouveaux	1	20250101	51121	PAYPAL+ CB			NBIXD4ZD9F	20250101	2024-04-23 – PAYPAL - Report à nouveau	0,0	46,08	B	20250101		-46,08	EUR
AN	Journal des à-nouveaux	1	20250101	51121	PAYPAL+ CB			NBIXD4ZD9F	20250101	2024-04-25 – PAYPAL - Report à nouveau	0,0	275,48	B	20250101		-275,48	EUR
AN	Journal des à-nouveaux	1	20250101	51121	PAYPAL+ CB			NBIXD4ZD9F	20250101	2024-04-26 – PAYPAL - Report à nouveau	0,0	63,86	B	20250101		-63,86	EUR
AN	Journal des à-nouveaux	1	20250101	51121	PAYPAL+ CB			NBIXD4ZD9F	20250101	2024-04-29 – PAYPAL - Report à nouveau	0,0	318,92	B	20250101		-318,92	EUR
AN	Journal des à-nouveaux	1	20250101	51121	PAYPAL+ CB			NBIXD4ZD9F	20250101	2024-04-30 – PAYPAL - Report à nouveau	0,0	44,61	B	20250101		-44,61	EUR
AN	Journal des à-nouveaux	1	20250101	51121	PAYPAL+ CB			NBIXD4ZD9F	20250101	2024-05-02 – PAYPAL - Report à nouveau	0,0	221,05	B	20250101		-221,05	EUR
AN	Journal des à-nouveaux	1	20250101	51121	PAYPAL+ CB			NBIXD4ZD9F	20250101	2024-05-03 – PAYPAL - Report à nouveau	0,0	88,62	B	20250101		-88,62	EUR
AN	Journal des à-nouveaux	1	20250101	51121	PAYPAL+ CB			NBIXD4ZD9F	20250101	2024-04-30 – Libellé manquant – 30-04-2024-53000 - Report à nouveau	4217,01	0,0	B	20250101		4217,01	EUR
AN	Journal des à-nouveaux	1	20250101	43775	ORG COLLECT TAXE APPRENTI			NBIXD4ZD9F	20250101	2024-07-31 – SALAIRES 07/2024 - Report à nouveau	0,0	4,21				-4,21	EUR
AN	Journal des à-nouveaux	1	20250101	43775	ORG COLLECT TAXE APPRENTI			NBIXD4ZD9F	20250101	2024-08-31 – SALAIRES 08/2024 - Report à nouveau	0,0	4,87				-4,87	EUR
AN	Journal des à-nouveaux	1	20250101	43775	ORG COLLECT TAXE APPRENTI			NBIXD4ZD9F	20250101	2024-09-30 – SALAIRES 09/2024 - Report à nouveau	0,0	1,68				-1,68	EUR
AN	Journal des à-nouveaux	1	20250101	43775	ORG COLLECT TAXE APPRENTI			NBIXD4ZD9F	20250101	2024-04-30 – TA LIBERATOIRE 04 - Report à nouveau	0,0	2,59				-2,59	EUR
AN	Journal des à-nouveaux	1	20250101	43775	ORG COLLECT TAXE APPRENTI			NBIXD4ZD9F	20250101	2024-05-31 – TA LIBERATOIRE 05 - Report à nouveau	0,0	3,4				-3,40	EUR
AN	Journal des à-nouveaux	1	20250101	43775	ORG COLLECT TAXE APPRENTI			NBIXD4ZD9F	20250101	2024-06-30 – TA LIBERATOIRE MAJO 06 - Report à nouveau	0,0	1,68				-1,68	EUR
AN	Journal des à-nouveaux	1	20250101	4096	Fournisseurs - Créances pour emballages et matériel à rendre			NBIXD4ZD9F	20250101	2024-03-30 – LES 3 CAVES – 00003015 - Report à nouveau	265,0	0,0				265,00	EUR
AN	Journal des à-nouveaux	1	20250101	4096	Fournisseurs - Créances pour emballages et matériel à rendre			NBIXD4ZD9F	20250101	2024-04-09 – LES 3 CAVES – 00004019 - Report à nouveau	60,0	0,0				60,00	EUR
AN	Journal des à-nouveaux	1	20250101	4096	Fournisseurs - Créances pour emballages et matériel à rendre			NBIXD4ZD9F	20250101	2024-04-16 – LES 3 CAVES – 00004020 - Report à nouveau	30,0	0,0				30,00	EUR
AN	Journal des à-nouveaux	1	20250101	4096	Fournisseurs - Créances pour emballages et matériel à rendre			NBIXD4ZD9F	20250101	2024-04-23 – LES 3 CAVES – 00004021 - Report à nouveau	90,0	0,0				90,00	EUR
AN	Journal des à-nouveaux	1	20250101	51123	VIREMENTS			NBIXD4ZD9F	20250101	2024-05-06 – VIR COLLEGE ABBE PIERRE - Report à nouveau	0,0	3000,0				-3000,00	EUR
AN	Journal des à-nouveaux	1	20250101	51123	VIREMENTS			NBIXD4ZD9F	20250101	2024-05-22 – VIR COLLEGE ABBE PIERRE - Report à nouveau	0,0	4236,0				-4236,00	EUR
AN	Journal des à-nouveaux	1	20250101	4096	Fournisseurs - Créances pour emballages et matériel à rendre			NBIXD4ZD9F	20250101	2024-05-07 – LES 3 CAVES – N000005 - Report à nouveau	30,0	0,0				30,00	EUR
AN	Journal des à-nouveaux	1	20250101	4096	Fournisseurs - Créances pour emballages et matériel à rendre			NBIXD4ZD9F	20250101	2024-05-14 – LES 3 CAVES – N000008 - Report à nouveau	0,0	30,0				-30,00	EUR
AN	Journal des à-nouveaux	1	20250101	4096	Fournisseurs - Créances pour emballages et matériel à rendre			NBIXD4ZD9F	20250101	2024-05-21 – FOURN EMBALL MAT A RENDRE - Report à nouveau	30,0	0,0				30,00	EUR
AN	Journal des à-nouveaux	1	20250101	4096	Fournisseurs - Créances pour emballages et matériel à rendre			NBIXD4ZD9F	20250101	2024-06-04 – LES 3 CAVES – 00000054 - Report à nouveau	0,0	30,0				-30,00	EUR
AN	Journal des à-nouveaux	1	20250101	4096	Fournisseurs - Créances pour emballages et matériel à rendre			NBIXD4ZD9F	20250101	2024-06-08 – LES 3 CAVES – 00000055 - Report à nouveau	90,0	0,0				90,00	EUR
AN	Journal des à-nouveaux	1	20250101	4096	Fournisseurs - Créances pour emballages et matériel à rendre			NBIXD4ZD9F	20250101	2024-06-19 – LES 3 CAVES AVOIR – 00000057 - Report à nouveau	0,0	120,0				-120,00	EUR
AN	Journal des à-nouveaux	1	20250101	4096	Fournisseurs - Créances pour emballages et matériel à rendre			NBIXD4ZD9F	20250101	2024-06-21 – LES 3 CAVES – 00000058 - Report à nouveau	60,0	0,0				60,00	EUR
AN	Journal des à-nouveaux	1	20250101	4096	Fournisseurs - Créances pour emballages et matériel à rendre			NBIXD4ZD9F	20250101	2024-07-02 – LES 3 CAVES – 00000109 - Report à nouveau	90,0	0,0				90,00	EUR
AN	Journal des à-nouveaux	1	20250101	4096	Fournisseurs - Créances pour emballages et matériel à rendre			NBIXD4ZD9F	20250101	2024-07-04 – LES 3 CAVES – 00000110 - Report à nouveau	0,0	30,0				-30,00	EUR
AN	Journal des à-nouveaux	1	20250101	4096	Fournisseurs - Créances pour emballages et matériel à rendre			NBIXD4ZD9F	20250101	2024-07-09 – LES 3 CAVES – 00000111 - Report à nouveau	90,0	0,0				90,00	EUR
AN	Journal des à-nouveaux	1	20250101	51123	VIREMENTS			NBIXD4ZD9F	20250101	2024-06-24 – VIRT LAURE GATET - Report à nouveau	0,0	2865,0				-2865,00	EUR
AN	Journal des à-nouveaux	1	20250101	4096	Fournisseurs - Créances pour emballages et matériel à rendre			NBIXD4ZD9F	20250101	2024-07-11 – LES 3 CAVES – 00000112 - Report à nouveau	60,0	0,0				60,00	EUR
AN	Journal des à-nouveaux	1	20250101	51123	VIREMENTS			NBIXD4ZD9F	20250101	2024-07-10 – DDFIP LYCEE LAURE GATET - Report à nouveau	0,0	3016,0				-3016,00	EUR
AN	Journal des à-nouveaux	1	20250101	4096	Fournisseurs - Créances pour emballages et matériel à rendre			NBIXD4ZD9F	20250101	2024-07-23 – LES 3 CAVES – 00000113 - Report à nouveau	180,0	0,0				180,00	EUR
AN	Journal des à-nouveaux	1	20250101	4096	Fournisseurs - Créances pour emballages et matériel à rendre			NBIXD4ZD9F	20250101	2024-07-24 – LES 3 CAVES – 00000114 - Report à nouveau	0,0	180,0				-180,00	EUR
AN	Journal des à-nouveaux	1	20250101	4096	Fournisseurs - Créances pour emballages et matériel à rendre			NBIXD4ZD9F	20250101	2024-07-26 – LES 3 CAVES – 00000115 - Report à nouveau	30,0	0,0				30,00	EUR
AN	Journal des à-nouveaux	1	20250101	4096	Fournisseurs - Créances pour emballages et matériel à rendre			NBIXD4ZD9F	20250101	2024-07-29 – LES 3 CAVES – 00000116 - Report à nouveau	60,0	0,0				60,00	EUR
AN	Journal des à-nouveaux	1	20250101	4096	Fournisseurs - Créances pour emballages et matériel à rendre			NBIXD4ZD9F	20250101	2024-07-30 – LES 3 CAVES – 00000117 - Report à nouveau	60,0	0,0				60,00	EUR
AN	Journal des à-nouveaux	1	20250101	4096	Fournisseurs - Créances pour emballages et matériel à rendre			NBIXD4ZD9F	20250101	2024-08-02 – LES 3 CAVES – 00000152 - Report à nouveau	0,0	60,0				-60,00	EUR
AN	Journal des à-nouveaux	1	20250101	4096	Fournisseurs - Créances pour emballages et matériel à rendre			NBIXD4ZD9F	20250101	2024-08-05 – LES 3 CAVES – 00000153 - Report à nouveau	180,0	0,0				180,00	EUR
AN	Journal des à-nouveaux	1	20250101	4096	Fournisseurs - Créances pour emballages et matériel à rendre			NBIXD4ZD9F	20250101	2024-08-06 – LES 3 CAVES – 00000154 - Report à nouveau	480,0	0,0				480,00	EUR
AN	Journal des à-nouveaux	1	20250101	4096	Fournisseurs - Créances pour emballages et matériel à rendre			NBIXD4ZD9F	20250101	2024-08-13 – LES 3 CAVES – 00000155 - Report à nouveau	90,0	0,0				90,00	EUR
AN	Journal des à-nouveaux	1	20250101	4096	Fournisseurs - Créances pour emballages et matériel à rendre			NBIXD4ZD9F	20250101	2024-08-14 – LES 3 CAVES – 00000156 - Report à nouveau	30,0	0,0				30,00	EUR
AN	Journal des à-nouveaux	1	20250101	4096	Fournisseurs - Créances pour emballages et matériel à rendre			NBIXD4ZD9F	20250101	2024-08-20 – LES 3 CAVES – 00000157 - Report à nouveau	30,0	0,0				30,00	EUR
AN	Journal des à-nouveaux	1	20250101	401	Fournisseurs	4013CAVES	LES 3 CAVES	NBIXD4ZD9F	20250101	2024-10-09 – LES 3 CAVES AVOIR – 00010001 - Report à nouveau	1445,89	0,0	D	20251010		1445,89	EUR
AN	Journal des à-nouveaux	1	20250101	4096	Fournisseurs - Créances pour emballages et matériel à rendre			NBIXD4ZD9F	20250101	2024-10-09 – LES 3 CAVES AVOIR – 00010001 - Report à nouveau	0,0	660,0				-660,00	EUR
AN	Journal des à-nouveaux	1	20250101	4096	Fournisseurs - Créances pour emballages et matériel à rendre			NBIXD4ZD9F	20250101	2024-08-09 – Consigne - Report à nouveau	0,0	480,0				-480,00	EUR
AN	Journal des à-nouveaux	1	20250101	4096	Fournisseurs - Créances pour emballages et matériel à rendre			NBIXD4ZD9F	20250101	2024-04-20 – LES 3 CAVES – 00004027 - Report à nouveau	30,0	0,0				30,00	EUR
AN	Journal des à-nouveaux	1	20250101	4096	Fournisseurs - Créances pour emballages et matériel à rendre			NBIXD4ZD9F	20250101	2024-04-20 – LES 3 CAVES – 00004027 - Report à nouveau	0,0	210,0				-210,00	EUR
AN	Journal des à-nouveaux	1	20250101	51123	VIREMENTS			NBIXD4ZD9F	20250101	2024-12-31 – CAISSE CA 2024 – E17MSGFWDE - Report à nouveau	13117,0	0,0				13117,00	EUR
AN	Journal des à-nouveaux	1	20250101	4096	Fournisseurs - Créances pour emballages et matériel à rendre			NBIXD4ZD9F	20250101	2024-12-31 – EMBALLAGES CONSIGNES – NOEX39U2PZ - Report à nouveau	5,0	0,0				5,00	EUR
AN	Journal des à-nouveaux	1	20250101	44566	TVA sur autres biens et services			NBIXD4ZD9F	20250101	2024-04-12 – LECLERC - Report à nouveau	8,01	0,0				8,01	EUR
AN	Journal des à-nouveaux	1	20250101	44566	TVA sur autres biens et services			NBIXD4ZD9F	20250101	2024-04-19 – CARREFOUR – 00004010 - Report à nouveau	18,44	0,0				18,44	EUR
AN	Journal des à-nouveaux	1	20250101	44566	TVA sur autres biens et services			NBIXD4ZD9F	20250101	2024-04-30 – LES 3 CAVES – 00004022 - Report à nouveau	13,64	0,0				13,64	EUR
AN	Journal des à-nouveaux	1	20250101	44566	TVA sur autres biens et services			NBIXD4ZD9F	20250101	2024-05-14 – SACEM AVOIR – 00005003 - Report à nouveau	0,0	6,25				-6,25	EUR
AN	Journal des à-nouveaux	1	20250101	44566	TVA sur autres biens et services			NBIXD4ZD9F	20250101	2024-05-24 – PROMOCASH – N000011 - Report à nouveau	7,82	0,0				7,82	EUR
AN	Journal des à-nouveaux	1	20250101	44566	TVA sur autres biens et services			NBIXD4ZD9F	20250101	2024-06-01 – INTERMARCHE – N000026 - Report à nouveau	13,09	0,0				13,09	EUR
AN	Journal des à-nouveaux	1	20250101	44566	TVA sur autres biens et services			NBIXD4ZD9F	20250101	2024-06-04 – CARREFOUR – 00000029 - Report à nouveau	50,08	0,0				50,08	EUR
AN	Journal des à-nouveaux	1	20250101	44566	TVA sur autres biens et services			NBIXD4ZD9F	20250101	2024-06-04 – LES 3 CAVES – 00000054 - Report à nouveau	28,98	0,0				28,98	EUR
AN	Journal des à-nouveaux	1	20250101	44566	TVA sur autres biens et services			NBIXD4ZD9F	20250101	2024-06-05 – CARREFOUR – 00000031 - Report à nouveau	0,71	0,0				0,71	EUR
AN	Journal des à-nouveaux	1	20250101	44566	TVA sur autres biens et services			NBIXD4ZD9F	20250101	2024-06-17 – CARREFOUR – 00000036 - Report à nouveau	2,63	0,0				2,63	EUR
AN	Journal des à-nouveaux	1	20250101	44566	TVA sur autres biens et services			NBIXD4ZD9F	20250101	2024-06-18 – SYSCO – 00000052 - Report à nouveau	13,06	0,0				13,06	EUR
AN	Journal des à-nouveaux	1	20250101	44566	TVA sur autres biens et services			NBIXD4ZD9F	20250101	2024-06-18 – SYSCO – 00000053 - Report à nouveau	0,9	0,0				0,90	EUR
AN	Journal des à-nouveaux	1	20250101	44566	TVA sur autres biens et services			NBIXD4ZD9F	20250101	2024-06-24 – MARIE BLACHERE – 00006002 - Report à nouveau	2,18	0,0				2,18	EUR
AN	Journal des à-nouveaux	1	20250101	44566	TVA sur autres biens et services			NBIXD4ZD9F	20250101	2024-06-27 – CARREFOUR – 00000042 - Report à nouveau	16,63	0,0				16,63	EUR
AN	Journal des à-nouveaux	1	20250101	44566	TVA sur autres biens et services			NBIXD4ZD9F	20250101	2024-06-27 – CARREFOUR - Report à nouveau	15,68	0,0				15,68	EUR
AN	Journal des à-nouveaux	1	20250101	44566	TVA sur autres biens et services			NBIXD4ZD9F	20250101	2024-06-28 – JALADI – 00000044 - Report à nouveau	8,1	0,0				8,10	EUR
AN	Journal des à-nouveaux	1	20250101	44566	TVA sur autres biens et services			NBIXD4ZD9F	20250101	2024-07-01 – CARREFOUR – 00007002 - Report à nouveau	3,71	0,0				3,71	EUR
AN	Journal des à-nouveaux	1	20250101	44566	TVA sur autres biens et services			NBIXD4ZD9F	20250101	2024-07-02 – CARREFOUR – 00000068 - Report à nouveau	58,49	0,0				58,49	EUR
AN	Journal des à-nouveaux	1	20250101	44566	TVA sur autres biens et services			NBIXD4ZD9F	20250101	2024-07-06 – CARREFOUR – 00000069 - Report à nouveau	13,89	0,0				13,89	EUR
AN	Journal des à-nouveaux	1	20250101	44566	TVA sur autres biens et services			NBIXD4ZD9F	20250101	2024-07-09 – SYSCO - Report à nouveau	18,74	0,0				18,74	EUR
AN	Journal des à-nouveaux	1	20250101	44566	TVA sur autres biens et services			NBIXD4ZD9F	20250101	2024-07-12 – SODIGEL – 00000088 - Report à nouveau	1,73	0,0				1,73	EUR
AN	Journal des à-nouveaux	1	20250101	44566	TVA sur autres biens et services			NBIXD4ZD9F	20250101	2024-07-23 – SODIGEL – 00000090 - Report à nouveau	11,47	0,0				11,47	EUR
AN	Journal des à-nouveaux	1	20250101	44566	TVA sur autres biens et services			NBIXD4ZD9F	20250101	2024-07-23 – SODIGEL AVOIR – 00000091 - Report à nouveau	0,0	2,95				-2,95	EUR
AN	Journal des à-nouveaux	1	20250101	44566	TVA sur autres biens et services			NBIXD4ZD9F	20250101	2024-08-27 – SODIGEL – 00000137 - Report à nouveau	14,93	0,0				14,93	EUR
AN	Journal des à-nouveaux	1	20250101	44566	TVA sur autres biens et services			NBIXD4ZD9F	20250101	2024-08-30 – CARREFOUR – 00000133 - Report à nouveau	6,94	0,0				6,94	EUR
AN	Journal des à-nouveaux	1	20250101	44571008	TVA collectée à 10%			NBIXD4ZD9F	20250101	2024-05-31 – Libellé manquant – 31-05-2024-53000 - Report à nouveau	0,0	489,95				-489,95	EUR
AN	Journal des à-nouveaux	1	20250101	44571008	TVA collectée à 10%			NBIXD4ZD9F	20250101	2024-06-30 – Libellé manquant – 30-06-2024-53000 - Report à nouveau	0,0	371,93				-371,93	EUR
AN	Journal des à-nouveaux	1	20250101	44571008	TVA collectée à 10%			NBIXD4ZD9F	20250101	2024-08-31 – Libellé manquant – 31-08-2024-53000 - Report à nouveau	0,0	2184,31				-2184,31	EUR
AN	Journal des à-nouveaux	1	20250101	44571009	TVA collectée à 20%			NBIXD4ZD9F	20250101	2024-08-31 – Libellé manquant – 31-08-2024-53000 - Report à nouveau	0,0	1342,77				-1342,77	EUR
AN	Journal des à-nouveaux	1	20250101	44571008	TVA collectée à 10%			NBIXD4ZD9F	20250101	2024-09-30 – Libellé manquant – 30-09-2024-53000 - Report à nouveau	0,0	132,5				-132,50	EUR
AN	Journal des à-nouveaux	1	20250101	44571008	TVA collectée à 10%			NBIXD4ZD9F	20250101	2024-09-08 – Facture LE PIGEONNIER CLUB 24 - FA202409-02 – SDM6XRXOVN - Report à nouveau	0,0	32,05				-32,05	EUR
AN	Journal des à-nouveaux	1	20250101	44571009	TVA collectée à 20%			NBIXD4ZD9F	20250101	2024-09-08 – Facture LE PIGEONNIER CLUB 24 - FA202409-02 – SDM6XRXOVN - Report à nouveau	0,0	95,42				-95,42	EUR
AN	Journal des à-nouveaux	1	20250101	44571008	TVA collectée à 10%			NBIXD4ZD9F	20250101	2024-08-20 – Facture LE PIGEONNIER CLUB 24 - FA202408-04 – XJCASTLSYW - Report à nouveau	0,0	9,55				-9,55	EUR
AN	Journal des à-nouveaux	1	20250101	44571009	TVA collectée à 20%			NBIXD4ZD9F	20250101	2024-08-20 – Facture LE PIGEONNIER CLUB 24 - FA202408-04 – XJCASTLSYW - Report à nouveau	0,0	38,03				-38,03	EUR
AN	Journal des à-nouveaux	1	20250101	44571008	TVA collectée à 10%			NBIXD4ZD9F	20250101	2024-08-07 – Facture LE PIGEONNIER CLUB 24 - FA202408-02 – OBLIKYLE5N - Report à nouveau	0,0	11,82				-11,82	EUR
AN	Journal des à-nouveaux	1	20250101	44571009	TVA collectée à 20%			NBIXD4ZD9F	20250101	2024-08-07 – Facture LE PIGEONNIER CLUB 24 - FA202408-02 – OBLIKYLE5N - Report à nouveau	0,0	64,83				-64,83	EUR
AN	Journal des à-nouveaux	1	20250101	44571008	TVA collectée à 10%			NBIXD4ZD9F	20250101	2024-07-25 – Facture LE PIGEONNIER CLUB 24 - FA202407-02 – XBHDOYZXKW - Report à nouveau	0,0	2,73				-2,73	EUR
AN	Journal des à-nouveaux	1	20250101	44571009	TVA collectée à 20%			NBIXD4ZD9F	20250101	2024-07-25 – Facture LE PIGEONNIER CLUB 24 - FA202407-02 – XBHDOYZXKW - Report à nouveau	0,0	7,0				-7,00	EUR
AN	Journal des à-nouveaux	1	20250101	44571008	TVA collectée à 10%			NBIXD4ZD9F	20250101	2024-07-15 – Facture LE PIGEONNIER CLUB 24 - FA202407-01 – WXDBWTWZ5A - Report à nouveau	0,0	9,09				-9,09	EUR
AN	Journal des à-nouveaux	1	20250101	44571009	TVA collectée à 20%			NBIXD4ZD9F	20250101	2024-07-15 – Facture LE PIGEONNIER CLUB 24 - FA202407-01 – WXDBWTWZ5A - Report à nouveau	0,0	14,33				-14,33	EUR
AN	Journal des à-nouveaux	1	20250101	44571008	TVA collectée à 10%			NBIXD4ZD9F	20250101	2024-08-04 – Facture LE PIGEONNIER CLUB 24 - FA202408-01 – IDXJVTOU02 - Report à nouveau	0,0	18,45				-18,45	EUR
AN	Journal des à-nouveaux	1	20250101	44571009	TVA collectée à 20%			NBIXD4ZD9F	20250101	2024-08-04 – Facture LE PIGEONNIER CLUB 24 - FA202408-01 – IDXJVTOU02 - Report à nouveau	0,0	80,58				-80,58	EUR
AN	Journal des à-nouveaux	1	20250101	44571008	TVA collectée à 10%			NBIXD4ZD9F	20250101	2024-08-15 – Facture LE PIGEONNIER CLUB 24 - FA202408-03 – LE1PWLY5XQ - Report à nouveau	0,0	9,55				-9,55	EUR
AN	Journal des à-nouveaux	1	20250101	44571009	TVA collectée à 20%			NBIXD4ZD9F	20250101	2024-08-15 – Facture LE PIGEONNIER CLUB 24 - FA202408-03 – LE1PWLY5XQ - Report à nouveau	0,0	10,17				-10,17	EUR
AN	Journal des à-nouveaux	1	20250101	44571008	TVA collectée à 10%			NBIXD4ZD9F	20250101	2024-09-05 – Facture LE PIGEONNIER CLUB 24 - FA202409-01 – LIAGMGUIH5 - Report à nouveau	0,0	9,91				-9,91	EUR
AN	Journal des à-nouveaux	1	20250101	44571009	TVA collectée à 20%			NBIXD4ZD9F	20250101	2024-09-05 – Facture LE PIGEONNIER CLUB 24 - FA202409-01 – LIAGMGUIH5 - Report à nouveau	0,0	36,08				-36,08	EUR
AN	Journal des à-nouveaux	1	20250101	44566	TVA sur autres biens et services			NBIXD4ZD9F	20250101	2024-11-06 – VIR fimeco comptable – KGCCU1K4CX - Report à nouveau	78,75	0,0				78,75	EUR
AN	Journal des à-nouveaux	1	20250101	44566	TVA sur autres biens et services			NBIXD4ZD9F	20250101	2024-12-16 – FIMECO COMPTABLE – CHFB1CIX8D - Report à nouveau	333,33	0,0				333,33	EUR
AN	Journal des à-nouveaux	1	20250101	44566	TVA sur autres biens et services			NBIXD4ZD9F	20250101	2024-12-19 – FIMECO COMPTABLE – TIJH9HEMDM - Report à nouveau	128,67	0,0				128,67	EUR
AN	Journal des à-nouveaux	1	20250101	44566	TVA sur autres biens et services			NBIXD4ZD9F	20250101	2024-12-11 – Facture BRICOMARCHE - :43460110180 – R1LUFPDC2F - Report à nouveau	20,56	0,0				20,56	EUR
AN	Journal des à-nouveaux	1	20250101	44566	TVA sur autres biens et services			NBIXD4ZD9F	20250101	2024-04-10 – CARREFOUR - Report à nouveau	2,36	0,0				2,36	EUR
AN	Journal des à-nouveaux	1	20250101	44566	TVA sur autres biens et services			NBIXD4ZD9F	20250101	2024-05-13 – CARREFOUR – N000025 - Report à nouveau	13,82	0,0				13,82	EUR
AN	Journal des à-nouveaux	1	20250101	44566	TVA sur autres biens et services			NBIXD4ZD9F	20250101	2024-05-31 – SAS PRIMEURS SERVANTIE – N000012 - Report à nouveau	15,31	0,0				15,31	EUR
AN	Journal des à-nouveaux	1	20250101	44566	TVA sur autres biens et services			NBIXD4ZD9F	20250101	2024-06-04 – ALDI – 00000041 - Report à nouveau	2,67	0,0				2,67	EUR
AN	Journal des à-nouveaux	1	20250101	44566	TVA sur autres biens et services			NBIXD4ZD9F	20250101	2024-06-04 – ACTION – 00000043 - Report à nouveau	11,94	0,0				11,94	EUR
AN	Journal des à-nouveaux	1	20250101	44566	TVA sur autres biens et services			NBIXD4ZD9F	20250101	2024-06-07 – SODIGEL – 00000047 - Report à nouveau	7,21	0,0				7,21	EUR
AN	Journal des à-nouveaux	1	20250101	44566	TVA sur autres biens et services			NBIXD4ZD9F	20250101	2024-06-11 – SODIGEL – 00000048 - Report à nouveau	5,66	0,0				5,66	EUR
AN	Journal des à-nouveaux	1	20250101	44566	TVA sur autres biens et services			NBIXD4ZD9F	20250101	2024-06-17 – CARREFOUR – 00000035 - Report à nouveau	39,97	0,0				39,97	EUR
AN	Journal des à-nouveaux	1	20250101	44566	TVA sur autres biens et services			NBIXD4ZD9F	20250101	2024-06-18 – LES 3 CAVES – 00000056 - Report à nouveau	17,89	0,0				17,89	EUR
AN	Journal des à-nouveaux	1	20250101	44566	TVA sur autres biens et services			NBIXD4ZD9F	20250101	2024-06-19 – LES 3 CAVES AVOIR – 00000057 - Report à nouveau	0,0	4,2				-4,20	EUR
AN	Journal des à-nouveaux	1	20250101	44566	TVA sur autres biens et services			NBIXD4ZD9F	20250101	2024-06-21 – CARREFOUR – 00000039 - Report à nouveau	29,94	0,0				29,94	EUR
AN	Journal des à-nouveaux	1	20250101	44566	TVA sur autres biens et services			NBIXD4ZD9F	20250101	2024-06-27 – BRICOMARCHE – 00000027 - Report à nouveau	20,82	0,0				20,82	EUR
AN	Journal des à-nouveaux	1	20250101	44566	TVA sur autres biens et services			NBIXD4ZD9F	20250101	2024-06-28 – SODIGEL – 00000051 - Report à nouveau	37,06	0,0				37,06	EUR
AN	Journal des à-nouveaux	1	20250101	44566	TVA sur autres biens et services			NBIXD4ZD9F	20250101	2024-06-30 – SAS PRIMEURS SERVANTIE – 00000061 - Report à nouveau	8,38	0,0				8,38	EUR
AN	Journal des à-nouveaux	1	20250101	44566	TVA sur autres biens et services			NBIXD4ZD9F	20250101	2024-07-02 – SODIGEL – 00000087 - Report à nouveau	9,4	0,0				9,40	EUR
AN	Journal des à-nouveaux	1	20250101	44566	TVA sur autres biens et services			NBIXD4ZD9F	20250101	2024-07-02 – SYSCO – 00000093 - Report à nouveau	3,96	0,0				3,96	EUR
AN	Journal des à-nouveaux	1	20250101	44566	TVA sur autres biens et services			NBIXD4ZD9F	20250101	2024-07-02 – LES 3 CAVES – 00000109 - Report à nouveau	54,41	0,0				54,41	EUR
AN	Journal des à-nouveaux	1	20250101	44566	TVA sur autres biens et services			NBIXD4ZD9F	20250101	2024-07-04 – SYSCO – 00000094 - Report à nouveau	48,17	0,0				48,17	EUR
AN	Journal des à-nouveaux	1	20250101	44566	TVA sur autres biens et services			NBIXD4ZD9F	20250101	2024-07-05 – ACTION – 00000067 - Report à nouveau	29,11	0,0				29,11	EUR
AN	Journal des à-nouveaux	1	20250101	44566	TVA sur autres biens et services			NBIXD4ZD9F	20250101	2024-07-08 – CARREFOUR – 00000071 - Report à nouveau	24,37	0,0				24,37	EUR
AN	Journal des à-nouveaux	1	20250101	44566	TVA sur autres biens et services			NBIXD4ZD9F	20250101	2024-07-09 – CARREFOUR – 00000072 - Report à nouveau	16,78	0,0				16,78	EUR
AN	Journal des à-nouveaux	1	20250101	44566	TVA sur autres biens et services			NBIXD4ZD9F	20250101	2024-07-09 – SYSCO – 00000096 - Report à nouveau	3,81	0,0				3,81	EUR
AN	Journal des à-nouveaux	1	20250101	44566	TVA sur autres biens et services			NBIXD4ZD9F	20250101	2024-07-09 – LES 3 CAVES – 00000111 - Report à nouveau	56,33	0,0				56,33	EUR
AN	Journal des à-nouveaux	1	20250101	44566	TVA sur autres biens et services			NBIXD4ZD9F	20250101	2024-07-11 – CARREFOUR – 00000073 - Report à nouveau	77,16	0,0				77,16	EUR
AN	Journal des à-nouveaux	1	20250101	44566	TVA sur autres biens et services			NBIXD4ZD9F	20250101	2024-07-11 – CARREFOUR – 00000074 - Report à nouveau	8,46	0,0				8,46	EUR
AN	Journal des à-nouveaux	1	20250101	44566	TVA sur autres biens et services			NBIXD4ZD9F	20250101	2024-07-13 – PROMOCASH – 00000085 - Report à nouveau	8,1	0,0				8,10	EUR
AN	Journal des à-nouveaux	1	20250101	44566	TVA sur autres biens et services			NBIXD4ZD9F	20250101	2024-07-13 – SYSCO – 00000099 - Report à nouveau	17,54	0,0				17,54	EUR
AN	Journal des à-nouveaux	1	20250101	44566	TVA sur autres biens et services			NBIXD4ZD9F	20250101	2024-07-15 – FIMECO SOCIAL 2°TRIM – 00007004 - Report à nouveau	105,0	0,0				105,00	EUR
AN	Journal des à-nouveaux	1	20250101	44566	TVA sur autres biens et services			NBIXD4ZD9F	20250101	2024-07-16 – BATAILLON – 00000083 - Report à nouveau	20,83	0,0				20,83	EUR
AN	Journal des à-nouveaux	1	20250101	44566	TVA sur autres biens et services			NBIXD4ZD9F	20250101	2024-07-16 – SYSCO – 00000100 - Report à nouveau	63,87	0,0				63,87	EUR
AN	Journal des à-nouveaux	1	20250101	44566	TVA sur autres biens et services			NBIXD4ZD9F	20250101	2024-07-18 – SYSCO – 00000102 - Report à nouveau	11,93	0,0				11,93	EUR
AN	Journal des à-nouveaux	1	20250101	44566	TVA sur autres biens et services			NBIXD4ZD9F	20250101	2024-07-19 – CARREFOUR – 00000076 - Report à nouveau	3,48	0,0				3,48	EUR
AN	Journal des à-nouveaux	1	20250101	44566	TVA sur autres biens et services			NBIXD4ZD9F	20250101	2024-07-19 – SODIGEL – 00000089 - Report à nouveau	2,06	0,0				2,06	EUR
AN	Journal des à-nouveaux	1	20250101	44566	TVA sur autres biens et services			NBIXD4ZD9F	20250101	2024-07-20 – CARREFOUR – 00000077 - Report à nouveau	45,67	0,0				45,67	EUR
AN	Journal des à-nouveaux	1	20250101	44566	TVA sur autres biens et services			NBIXD4ZD9F	20250101	2024-07-23 – CARREFOUR – 00000078 - Report à nouveau	16,56	0,0				16,56	EUR
AN	Journal des à-nouveaux	1	20250101	44566	TVA sur autres biens et services			NBIXD4ZD9F	20250101	2024-07-29 – LES 3 CAVES – 00000116 - Report à nouveau	33,89	0,0				33,89	EUR
AN	Journal des à-nouveaux	1	20250101	44566	TVA sur autres biens et services			NBIXD4ZD9F	20250101	2024-08-01 – LES PRESSES – 00000118 - Report à nouveau	0,15	0,0				0,15	EUR
AN	Journal des à-nouveaux	1	20250101	44566	TVA sur autres biens et services			NBIXD4ZD9F	20250101	2024-08-01 – SYSCO – 00000140 - Report à nouveau	8,17	0,0				8,17	EUR
AN	Journal des à-nouveaux	1	20250101	44566	TVA sur autres biens et services			NBIXD4ZD9F	20250101	2024-08-06 – SYSCO – 00000143 - Report à nouveau	35,43	0,0				35,43	EUR
AN	Journal des à-nouveaux	1	20250101	44566	TVA sur autres biens et services			NBIXD4ZD9F	20250101	2024-08-06 – LES 3 CAVES – 00000154 - Report à nouveau	252,43	0,0				252,43	EUR
AN	Journal des à-nouveaux	1	20250101	44566	TVA sur autres biens et services			NBIXD4ZD9F	20250101	2024-08-07 – CARREFOUR – 00008002 - Report à nouveau	50,08	0,0				50,08	EUR
AN	Journal des à-nouveaux	1	20250101	44566	TVA sur autres biens et services			NBIXD4ZD9F	20250101	2024-08-12 – CARREFOUR – 00008003 - Report à nouveau	39,87	0,0				39,87	EUR
AN	Journal des à-nouveaux	1	20250101	44566	TVA sur autres biens et services			NBIXD4ZD9F	20250101	2024-08-13 – LES 3 CAVES – 00000155 - Report à nouveau	62,89	0,0				62,89	EUR
AN	Journal des à-nouveaux	1	20250101	44566	TVA sur autres biens et services			NBIXD4ZD9F	20250101	2024-08-17 – INTERMARCHE - Report à nouveau	22,54	0,0				22,54	EUR
AN	Journal des à-nouveaux	1	20250101	44566	TVA sur autres biens et services			NBIXD4ZD9F	20250101	2024-08-21 – CARREFOUR – 00000131 - Report à nouveau	28,89	0,0				28,89	EUR
AN	Journal des à-nouveaux	1	20250101	44566	TVA sur autres biens et services			NBIXD4ZD9F	20250101	2024-08-29 – SYSCO – 00000151 - Report à nouveau	17,76	0,0				17,76	EUR
AN	Journal des à-nouveaux	1	20250101	44566	TVA sur autres biens et services			NBIXD4ZD9F	20250101	2024-08-30 – ACTION – 00000121 - Report à nouveau	3,34	0,0				3,34	EUR
AN	Journal des à-nouveaux	1	20250101	44566	TVA sur autres biens et services			NBIXD4ZD9F	20250101	2024-08-30 – MANGEONS FRAIS – 00000122 - Report à nouveau	1,61	0,0				1,61	EUR
AN	Journal des à-nouveaux	1	20250101	44566	TVA sur autres biens et services			NBIXD4ZD9F	20250101	2024-08-31 – SAS PRIMEURS SERVANTIE – 00000134 - Report à nouveau	73,9	0,0				73,90	EUR
AN	Journal des à-nouveaux	1	20250101	44566	TVA sur autres biens et services			NBIXD4ZD9F	20250101	2024-09-02 – INTERMARCHE – 00009003 - Report à nouveau	5,96	0,0				5,96	EUR
AN	Journal des à-nouveaux	1	20250101	44566	TVA sur autres biens et services			NBIXD4ZD9F	20250101	2024-03-30 – SYSCO - Report à nouveau	25,75	0,0				25,75	EUR
AN	Journal des à-nouveaux	1	20250101	44566	TVA sur autres biens et services			NBIXD4ZD9F	20250101	2024-05-28 – LES 3 CAVES – 00000060 - Report à nouveau	6,09	0,0				6,09	EUR
AN	Journal des à-nouveaux	1	20250101	44566	TVA sur autres biens et services			NBIXD4ZD9F	20250101	2024-06-01 – SYSCO – 00000000 - Report à nouveau	20,07	0,0				20,07	EUR
AN	Journal des à-nouveaux	1	20250101	44566	TVA sur autres biens et services			NBIXD4ZD9F	20250101	2024-06-01 – BRICOMARCHE – N000017 - Report à nouveau	12,31	0,0				12,31	EUR
AN	Journal des à-nouveaux	1	20250101	44566	TVA sur autres biens et services			NBIXD4ZD9F	20250101	2024-06-04 – SODIGEL – 00000046 - Report à nouveau	10,78	0,0				10,78	EUR
AN	Journal des à-nouveaux	1	20250101	44566	TVA sur autres biens et services			NBIXD4ZD9F	20250101	2024-06-05 – CARREFOUR – 00000030 - Report à nouveau	2,17	0,0				2,17	EUR
AN	Journal des à-nouveaux	1	20250101	44566	TVA sur autres biens et services			NBIXD4ZD9F	20250101	2024-06-08 – LES 3 CAVES – 00000055 - Report à nouveau	41,81	0,0				41,81	EUR
AN	Journal des à-nouveaux	1	20250101	44566	TVA sur autres biens et services			NBIXD4ZD9F	20250101	2024-06-11 – CARREFOUR – 00000032 - Report à nouveau	11,47	0,0				11,47	EUR
AN	Journal des à-nouveaux	1	20250101	44566	TVA sur autres biens et services			NBIXD4ZD9F	20250101	2024-06-14 – CARREFOUR – 00000033 - Report à nouveau	8,68	0,0				8,68	EUR
AN	Journal des à-nouveaux	1	20250101	44566	TVA sur autres biens et services			NBIXD4ZD9F	20250101	2024-06-17 – PROMOCASH – 00000045 - Report à nouveau	8,1	0,0				8,10	EUR
AN	Journal des à-nouveaux	1	20250101	44566	TVA sur autres biens et services			NBIXD4ZD9F	20250101	2024-06-18 – SODIGEL – 00000049 - Report à nouveau	4,94	0,0				4,94	EUR
AN	Journal des à-nouveaux	1	20250101	44566	TVA sur autres biens et services			NBIXD4ZD9F	20250101	2024-06-19 – CARREFOUR – 00000037 - Report à nouveau	6,06	0,0				6,06	EUR
AN	Journal des à-nouveaux	1	20250101	44566	TVA sur autres biens et services			NBIXD4ZD9F	20250101	2024-06-27 – CARREFOUR – 00000040 - Report à nouveau	53,17	0,0				53,17	EUR
AN	Journal des à-nouveaux	1	20250101	44566	TVA sur autres biens et services			NBIXD4ZD9F	20250101	2024-07-01 – CARREFOUR - Report à nouveau	24,95	0,0				24,95	EUR
AN	Journal des à-nouveaux	1	20250101	44566	TVA sur autres biens et services			NBIXD4ZD9F	20250101	2024-07-02 – ALDI – 00000066 - Report à nouveau	14,74	0,0				14,74	EUR
AN	Journal des à-nouveaux	1	20250101	44566	TVA sur autres biens et services			NBIXD4ZD9F	20250101	2024-07-02 – SYSCO – 00000092 - Report à nouveau	28,06	0,0				28,06	EUR
AN	Journal des à-nouveaux	1	20250101	44566	TVA sur autres biens et services			NBIXD4ZD9F	20250101	2024-07-04 – LES 3 CAVES – 00000110 - Report à nouveau	9,08	0,0				9,08	EUR
AN	Journal des à-nouveaux	1	20250101	44566	TVA sur autres biens et services			NBIXD4ZD9F	20250101	2024-07-05 – MANGEONS FRAIS – 00000064 - Report à nouveau	1,82	0,0				1,82	EUR
AN	Journal des à-nouveaux	1	20250101	44566	TVA sur autres biens et services			NBIXD4ZD9F	20250101	2024-07-11 – PROMOCASH – 00000084 - Report à nouveau	51,93	0,0				51,93	EUR
AN	Journal des à-nouveaux	1	20250101	44566	TVA sur autres biens et services			NBIXD4ZD9F	20250101	2024-07-11 – LES 3 CAVES – 00000112 - Report à nouveau	97,91	0,0				97,91	EUR
AN	Journal des à-nouveaux	1	20250101	44566	TVA sur autres biens et services			NBIXD4ZD9F	20250101	2024-07-16 – CARREFOUR – 00000075 - Report à nouveau	54,44	0,0				54,44	EUR
AN	Journal des à-nouveaux	1	20250101	44566	TVA sur autres biens et services			NBIXD4ZD9F	20250101	2024-07-16 – SYSCO – 00000101 - Report à nouveau	4,29	0,0				4,29	EUR
AN	Journal des à-nouveaux	1	20250101	44566	TVA sur autres biens et services			NBIXD4ZD9F	20250101	2024-07-19 – INTERMARCHE – 00000065 - Report à nouveau	2,29	0,0				2,29	EUR
AN	Journal des à-nouveaux	1	20250101	44566	TVA sur autres biens et services			NBIXD4ZD9F	20250101	2024-07-20 – SYSCO – 00000103 - Report à nouveau	11,19	0,0				11,19	EUR
AN	Journal des à-nouveaux	1	20250101	44566	TVA sur autres biens et services			NBIXD4ZD9F	20250101	2024-07-23 – SYSCO – 00000104 - Report à nouveau	28,76	0,0				28,76	EUR
AN	Journal des à-nouveaux	1	20250101	44566	TVA sur autres biens et services			NBIXD4ZD9F	20250101	2024-07-23 – LES 3 CAVES – 00000113 - Report à nouveau	94,45	0,0				94,45	EUR
AN	Journal des à-nouveaux	1	20250101	44566	TVA sur autres biens et services			NBIXD4ZD9F	20250101	2024-07-23 – CARREFOUR – 00007003 - Report à nouveau	33,53	0,0				33,53	EUR
AN	Journal des à-nouveaux	1	20250101	44566	TVA sur autres biens et services			NBIXD4ZD9F	20250101	2024-07-24 – LES 3 CAVES – 00000114 - Report à nouveau	24,67	0,0				24,67	EUR
AN	Journal des à-nouveaux	1	20250101	44566	TVA sur autres biens et services			NBIXD4ZD9F	20250101	2024-07-25 – SYSCO – 00000105 - Report à nouveau	9,52	0,0				9,52	EUR
AN	Journal des à-nouveaux	1	20250101	44566	TVA sur autres biens et services			NBIXD4ZD9F	20250101	2024-07-27 – SYSCO – 00000106 - Report à nouveau	22,42	0,0				22,42	EUR
AN	Journal des à-nouveaux	1	20250101	44566	TVA sur autres biens et services			NBIXD4ZD9F	20250101	2024-07-29 – CARREFOUR – 00000080 - Report à nouveau	66,23	0,0				66,23	EUR
AN	Journal des à-nouveaux	1	20250101	44566	TVA sur autres biens et services			NBIXD4ZD9F	20250101	2024-07-31 – SAS PRIMEURS SERVANTIE – 00000086 - Report à nouveau	53,34	0,0				53,34	EUR
AN	Journal des à-nouveaux	1	20250101	44566	TVA sur autres biens et services			NBIXD4ZD9F	20250101	2024-08-01 – ACTION – 00000120 - Report à nouveau	14,54	0,0				14,54	EUR
AN	Journal des à-nouveaux	1	20250101	44566	TVA sur autres biens et services			NBIXD4ZD9F	20250101	2024-08-01 – CARREFOUR – 00000129 - Report à nouveau	47,86	0,0				47,86	EUR
AN	Journal des à-nouveaux	1	20250101	44566	TVA sur autres biens et services			NBIXD4ZD9F	20250101	2024-08-05 – LES 3 CAVES – 00000153 - Report à nouveau	92,84	0,0				92,84	EUR
AN	Journal des à-nouveaux	1	20250101	44566	TVA sur autres biens et services			NBIXD4ZD9F	20250101	2024-08-12 – PROMOCASH – 00000135 - Report à nouveau	9,35	0,0				9,35	EUR
AN	Journal des à-nouveaux	1	20250101	44566	TVA sur autres biens et services			NBIXD4ZD9F	20250101	2024-08-13 – INTERMARCHE – 00000124 - Report à nouveau	0,91	0,0				0,91	EUR
AN	Journal des à-nouveaux	1	20250101	44566	TVA sur autres biens et services			NBIXD4ZD9F	20250101	2024-08-14 – LES 3 CAVES – 00000156 - Report à nouveau	109,17	0,0				109,17	EUR
AN	Journal des à-nouveaux	1	20250101	44566	TVA sur autres biens et services			NBIXD4ZD9F	20250101	2024-08-15 – CARREFOUR – 00000130 - Report à nouveau	26,52	0,0				26,52	EUR
AN	Journal des à-nouveaux	1	20250101	44566	TVA sur autres biens et services			NBIXD4ZD9F	20250101	2024-08-15 – SYSCO – 00000146 - Report à nouveau	49,27	0,0				49,27	EUR
AN	Journal des à-nouveaux	1	20250101	44566	TVA sur autres biens et services			NBIXD4ZD9F	20250101	2024-08-17 – LA HALLE CREPINOISE - Report à nouveau	0,22	0,0				0,22	EUR
AN	Journal des à-nouveaux	1	20250101	44566	TVA sur autres biens et services			NBIXD4ZD9F	20250101	2024-08-20 – INTERMARCHE – 00000125 - Report à nouveau	2,01	0,0				2,01	EUR
AN	Journal des à-nouveaux	1	20250101	44566	TVA sur autres biens et services			NBIXD4ZD9F	20250101	2024-08-20 – SYSCO – 00000148 - Report à nouveau	21,62	0,0				21,62	EUR
AN	Journal des à-nouveaux	1	20250101	44566	TVA sur autres biens et services			NBIXD4ZD9F	20250101	2024-08-20 – LES 3 CAVES – 00000157 - Report à nouveau	21,32	0,0				21,32	EUR
AN	Journal des à-nouveaux	1	20250101	44566	TVA sur autres biens et services			NBIXD4ZD9F	20250101	2024-08-24 – CARREFOUR – 00008005 - Report à nouveau	7,64	0,0				7,64	EUR
AN	Journal des à-nouveaux	1	20250101	44566	TVA sur autres biens et services			NBIXD4ZD9F	20250101	2024-08-26 – INTERMARCHE – 00000128 - Report à nouveau	10,71	0,0				10,71	EUR
AN	Journal des à-nouveaux	1	20250101	44566	TVA sur autres biens et services			NBIXD4ZD9F	20250101	2024-08-27 – SYSCO – 00000149 - Report à nouveau	24,16	0,0				24,16	EUR
AN	Journal des à-nouveaux	1	20250101	44566	TVA sur autres biens et services			NBIXD4ZD9F	20250101	2024-08-27 – SYSCO – 00000150 - Report à nouveau	4,28	0,0				4,28	EUR
AN	Journal des à-nouveaux	1	20250101	44566	TVA sur autres biens et services			NBIXD4ZD9F	20250101	2024-08-30 – SODIGEL – 00000138 - Report à nouveau	1,26	0,0				1,26	EUR
AN	Journal des à-nouveaux	1	20250101	44566	TVA sur autres biens et services			NBIXD4ZD9F	20250101	2024-09-05 – CARREFOUR – 00009001 - Report à nouveau	11,0	0,0				11,00	EUR
AN	Journal des à-nouveaux	1	20250101	44566	TVA sur autres biens et services			NBIXD4ZD9F	20250101	2024-05-29 – INTERMARCHE – N000022 - Report à nouveau	4,57	0,0				4,57	EUR
AN	Journal des à-nouveaux	1	20250101	44566	TVA sur autres biens et services			NBIXD4ZD9F	20250101	2024-06-05 – FROID CUISINE - Report à nouveau	39,45	0,0				39,45	EUR
AN	Journal des à-nouveaux	1	20250101	44566	TVA sur autres biens et services			NBIXD4ZD9F	20250101	2024-06-15 – CARREFOUR – 00000034 - Report à nouveau	13,98	0,0				13,98	EUR
AN	Journal des à-nouveaux	1	20250101	44566	TVA sur autres biens et services			NBIXD4ZD9F	20250101	2024-06-16 – INTERMARCHE – 00000028 - Report à nouveau	1,22	0,0				1,22	EUR
AN	Journal des à-nouveaux	1	20250101	44566	TVA sur autres biens et services			NBIXD4ZD9F	20250101	2024-06-19 – CARREFOUR – 00000038 - Report à nouveau	3,67	0,0				3,67	EUR
AN	Journal des à-nouveaux	1	20250101	44566	TVA sur autres biens et services			NBIXD4ZD9F	20250101	2024-06-21 – LES 3 CAVES – 00000058 - Report à nouveau	51,59	0,0				51,59	EUR
AN	Journal des à-nouveaux	1	20250101	44566	TVA sur autres biens et services			NBIXD4ZD9F	20250101	2024-06-28 – SODIGEL – 00000050 - Report à nouveau	2,11	0,0				2,11	EUR
AN	Journal des à-nouveaux	1	20250101	44566	TVA sur autres biens et services			NBIXD4ZD9F	20250101	2024-07-02 – BATAILLON – 00000082 - Report à nouveau	15,03	0,0				15,03	EUR
AN	Journal des à-nouveaux	1	20250101	44566	TVA sur autres biens et services			NBIXD4ZD9F	20250101	2024-07-02 – LES 3 CAVES – 00000108 - Report à nouveau	11,59	0,0				11,59	EUR
AN	Journal des à-nouveaux	1	20250101	44566	TVA sur autres biens et services			NBIXD4ZD9F	20250101	2024-07-06 – SYSCO – 00000095 - Report à nouveau	18,79	0,0				18,79	EUR
AN	Journal des à-nouveaux	1	20250101	44566	TVA sur autres biens et services			NBIXD4ZD9F	20250101	2024-07-08 – CARREFOUR – 00000070 - Report à nouveau	58,4	0,0				58,40	EUR
AN	Journal des à-nouveaux	1	20250101	44566	TVA sur autres biens et services			NBIXD4ZD9F	20250101	2024-07-11 – SYSCO – 00000098 - Report à nouveau	19,97	0,0				19,97	EUR
AN	Journal des à-nouveaux	1	20250101	44566	TVA sur autres biens et services			NBIXD4ZD9F	20250101	2024-07-24 – CARREFOUR – 00000079 - Report à nouveau	10,0	0,0				10,00	EUR
AN	Journal des à-nouveaux	1	20250101	44566	TVA sur autres biens et services			NBIXD4ZD9F	20250101	2024-07-26 – LES 3 CAVES – 00000115 - Report à nouveau	17,34	0,0				17,34	EUR
AN	Journal des à-nouveaux	1	20250101	44566	TVA sur autres biens et services			NBIXD4ZD9F	20250101	2024-07-30 – CARREFOUR – 00000081 - Report à nouveau	5,74	0,0				5,74	EUR
AN	Journal des à-nouveaux	1	20250101	44566	TVA sur autres biens et services			NBIXD4ZD9F	20250101	2024-07-30 – SYSCO – 00000107 - Report à nouveau	25,96	0,0				25,96	EUR
AN	Journal des à-nouveaux	1	20250101	44566	TVA sur autres biens et services			NBIXD4ZD9F	20250101	2024-07-30 – LES 3 CAVES – 00000117 - Report à nouveau	64,85	0,0				64,85	EUR
AN	Journal des à-nouveaux	1	20250101	44566	TVA sur autres biens et services			NBIXD4ZD9F	20250101	2024-08-01 – SYSCO – 00000139 - Report à nouveau	27,74	0,0				27,74	EUR
AN	Journal des à-nouveaux	1	20250101	44566	TVA sur autres biens et services			NBIXD4ZD9F	20250101	2024-08-02 – INTERMARCHE – 00000126 - Report à nouveau	4,29	0,0				4,29	EUR
AN	Journal des à-nouveaux	1	20250101	44566	TVA sur autres biens et services			NBIXD4ZD9F	20250101	2024-08-02 – LES 3 CAVES – 00000152 - Report à nouveau	33,89	0,0				33,89	EUR
AN	Journal des à-nouveaux	1	20250101	44566	TVA sur autres biens et services			NBIXD4ZD9F	20250101	2024-08-03 – SYSCO – 00000141 - Report à nouveau	43,96	0,0				43,96	EUR
AN	Journal des à-nouveaux	1	20250101	44566	TVA sur autres biens et services			NBIXD4ZD9F	20250101	2024-08-03 – SYSCO – 00000142 - Report à nouveau	2,13	0,0				2,13	EUR
AN	Journal des à-nouveaux	1	20250101	44566	TVA sur autres biens et services			NBIXD4ZD9F	20250101	2024-08-10 – SYSCO – 00000144 - Report à nouveau	59,95	0,0				59,95	EUR
AN	Journal des à-nouveaux	1	20250101	44566	TVA sur autres biens et services			NBIXD4ZD9F	20250101	2024-08-10 – SYSCO – 00000145 - Report à nouveau	4,11	0,0				4,11	EUR
AN	Journal des à-nouveaux	1	20250101	44566	TVA sur autres biens et services			NBIXD4ZD9F	20250101	2024-08-13 – SODIGEL – 00000136 - Report à nouveau	16,47	0,0				16,47	EUR
AN	Journal des à-nouveaux	1	20250101	44566	TVA sur autres biens et services			NBIXD4ZD9F	20250101	2024-08-14 – CARREFOUR – 00008004 - Report à nouveau	42,07	0,0				42,07	EUR
AN	Journal des à-nouveaux	1	20250101	44566	TVA sur autres biens et services			NBIXD4ZD9F	20250101	2024-08-17 – SYSCO – 00000147 - Report à nouveau	27,47	0,0				27,47	EUR
AN	Journal des à-nouveaux	1	20250101	44566	TVA sur autres biens et services			NBIXD4ZD9F	20250101	2024-08-25 – CARREFOUR – 00000132 - Report à nouveau	21,76	0,0				21,76	EUR
AN	Journal des à-nouveaux	1	20250101	44566	TVA sur autres biens et services			NBIXD4ZD9F	20250101	2024-08-30 – GIFI – 00000123 - Report à nouveau	21,64	0,0				21,64	EUR
AN	Journal des à-nouveaux	1	20250101	44566	TVA sur autres biens et services			NBIXD4ZD9F	20250101	2024-09-07 – CARREFOUR – 00009002 - Report à nouveau	16,4	0,0				16,40	EUR
AN	Journal des à-nouveaux	1	20250101	44566	TVA sur autres biens et services			NBIXD4ZD9F	20250101	2024-10-09 – LES 3 CAVES AVOIR – 00010001 - Report à nouveau	0,0	130,98				-130,98	EUR
AN	Journal des à-nouveaux	1	20250101	44571009	TVA collectée à 20%			NBIXD4ZD9F	20250101	2024-05-31 – Libellé manquant – 31-05-2024-53000 - Report à nouveau	0,0	306,42				-306,42	EUR
AN	Journal des à-nouveaux	1	20250101	44571009	TVA collectée à 20%			NBIXD4ZD9F	20250101	2024-06-30 – Libellé manquant – 30-06-2024-53000 - Report à nouveau	0,0	250,17				-250,17	EUR
AN	Journal des à-nouveaux	1	20250101	44571008	TVA collectée à 10%			NBIXD4ZD9F	20250101	2024-07-31 – Libellé manquant – 31-07-2024-53000 - Report à nouveau	0,0	1533,24				-1533,24	EUR
AN	Journal des à-nouveaux	1	20250101	44571009	TVA collectée à 20%			NBIXD4ZD9F	20250101	2024-07-31 – Libellé manquant – 31-07-2024-53000 - Report à nouveau	0,0	3548,18				-3548,18	EUR
AN	Journal des à-nouveaux	1	20250101	44571009	TVA collectée à 20%			NBIXD4ZD9F	20250101	2024-09-30 – Libellé manquant – 30-09-2024-53000 - Report à nouveau	0,0	29,9				-29,90	EUR
AN	Journal des à-nouveaux	1	20250101	44566	TVA sur autres biens et services			NBIXD4ZD9F	20250101	2024-08-09 – LES 3 CAVES – 00008001 - Report à nouveau	17,89	0,0				17,89	EUR
AN	Journal des à-nouveaux	1	20250101	44566	TVA sur autres biens et services			NBIXD4ZD9F	20250101	2024-06-02 – DEBORDES ET FILS – JNHEPNQ5DG - Report à nouveau	35,0	0,0				35,00	EUR
AN	Journal des à-nouveaux	1	20250101	44566	TVA sur autres biens et services			NBIXD4ZD9F	20250101	2024-05-28 – Facture LA HALLE CREPINOISE - 4-0002701 – QRFLCQIYRC - Report à nouveau	2,91	0,0				2,91	EUR
AN	Journal des à-nouveaux	1	20250101	44566	TVA sur autres biens et services			NBIXD4ZD9F	20250101	2024-10-04 – Facture PROMOCASH - ACHATS MP – X9T78FTZEL - Report à nouveau	6,29	0,0				6,29	EUR
AN	Journal des à-nouveaux	1	20250101	44566	TVA sur autres biens et services			NBIXD4ZD9F	20250101	2024-12-16 – Facture PROMOCASH - achats resto – IWI2F7M6JQ - Report à nouveau	24,83	0,0				24,83	EUR
AN	Journal des à-nouveaux	1	20250101	44566	TVA sur autres biens et services			NBIXD4ZD9F	20250101	2024-08-05 – Facture CARREFOUR - ACHATS RESTO – EEALLQDOQQ - Report à nouveau	41,59	0,0				41,59	EUR
AN	Journal des à-nouveaux	1	20250101	44571008	TVA collectée à 10%			NBIXD4ZD9F	20250101	2024-12-31 – CA 2024 – 7E6CTGYMND - Report à nouveau	0,0	636,35				-636,35	EUR
AN	Journal des à-nouveaux	1	20250101	44566	TVA sur autres biens et services			NBIXD4ZD9F	20250101	2024-10-04 – Facture CARREFOUR - ACHATS MP RESTO – EN9MNFG73T - Report à nouveau	43,47	0,0				43,47	EUR
AN	Journal des à-nouveaux	1	20250101	44566	TVA sur autres biens et services			NBIXD4ZD9F	20250101	2024-12-31 – TVA 12/24 – XWQFEHFRZZ - Report à nouveau	0,0	5520,04				-5520,04	EUR
AN	Journal des à-nouveaux	1	20250101	44571008	TVA collectée à 10%			NBIXD4ZD9F	20250101	2024-12-31 – TVA 12/24 – XWQFEHFRZZ - Report à nouveau	5821,81	0,0				5821,81	EUR
AN	Journal des à-nouveaux	1	20250101	44571009	TVA collectée à 20%			NBIXD4ZD9F	20250101	2024-12-31 – TVA 12/24 – XWQFEHFRZZ - Report à nouveau	5926,5	0,0				5926,50	EUR
AN	Journal des à-nouveaux	1	20250101	445662	TVA déductible intracommunautaire à 20%			NBIXD4ZD9F	20250101	2024-12-31 – TVA 12/24 – XWQFEHFRZZ - Report à nouveau	0,0	46,75				-46,75	EUR
AN	Journal des à-nouveaux	1	20250101	4452	TVA due intracommunautaire			NBIXD4ZD9F	20250101	2024-12-31 – TVA 12/24 – XWQFEHFRZZ - Report à nouveau	46,75	0,0				46,75	EUR
AN	Journal des à-nouveaux	1	20250101	4455	Taxes sur le chiffre d'affaires à décaisser			NBIXD4ZD9F	20250101	2024-12-31 – TVA 12/24 – XWQFEHFRZZ - Report à nouveau	0,0	6228,0				-6228,00	EUR
AN	Journal des à-nouveaux	1	20250101	44566	TVA sur autres biens et services			NBIXD4ZD9F	20250101	2024-03-30 – ACTION – 00003001 - Report à nouveau	5,65	0,0				5,65	EUR
AN	Journal des à-nouveaux	1	20250101	44566	TVA sur autres biens et services			NBIXD4ZD9F	20250101	2024-03-30 – ACTION – 00003002 - Report à nouveau	24,75	0,0				24,75	EUR
AN	Journal des à-nouveaux	1	20250101	44566	TVA sur autres biens et services			NBIXD4ZD9F	20250101	2024-03-30 – DEBORDES ET FILS – 00003003 - Report à nouveau	34,0	0,0				34,00	EUR
AN	Journal des à-nouveaux	1	20250101	44566	TVA sur autres biens et services			NBIXD4ZD9F	20250101	2024-03-30 – CARREFOUR – 00003004 - Report à nouveau	8,81	0,0				8,81	EUR
AN	Journal des à-nouveaux	1	20250101	44566	TVA sur autres biens et services			NBIXD4ZD9F	20250101	2024-03-30 – CARREFOUR – 00003005 - Report à nouveau	95,89	0,0				95,89	EUR
AN	Journal des à-nouveaux	1	20250101	44566	TVA sur autres biens et services			NBIXD4ZD9F	20250101	2024-03-30 – CARREFOUR – 00003006 - Report à nouveau	22,42	0,0				22,42	EUR
AN	Journal des à-nouveaux	1	20250101	44566	TVA sur autres biens et services			NBIXD4ZD9F	20250101	2024-03-30 – CARREFOUR – 00003007 - Report à nouveau	2,13	0,0				2,13	EUR
AN	Journal des à-nouveaux	1	20250101	44566	TVA sur autres biens et services			NBIXD4ZD9F	20250101	2024-03-30 – CCI DORDOGNE – 00003008 - Report à nouveau	16,5	0,0				16,50	EUR
AN	Journal des à-nouveaux	1	20250101	44566	TVA sur autres biens et services			NBIXD4ZD9F	20250101	2024-03-30 – BATAILLON – 00003009 - Report à nouveau	4,68	0,0				4,68	EUR
AN	Journal des à-nouveaux	1	20250101	44566	TVA sur autres biens et services			NBIXD4ZD9F	20250101	2024-03-30 – SYSCO – 00003011 - Report à nouveau	0,65	0,0				0,65	EUR
AN	Journal des à-nouveaux	1	20250101	44566	TVA sur autres biens et services			NBIXD4ZD9F	20250101	2024-03-30 – PROMOCASH – 00003012 - Report à nouveau	10,69	0,0				10,69	EUR
AN	Journal des à-nouveaux	1	20250101	44566	TVA sur autres biens et services			NBIXD4ZD9F	20250101	2024-03-30 – LECLERC – 00003013 - Report à nouveau	3,9	0,0				3,90	EUR
AN	Journal des à-nouveaux	1	20250101	44566	TVA sur autres biens et services			NBIXD4ZD9F	20250101	2024-03-30 – LECLERC – 00003014 - Report à nouveau	14,44	0,0				14,44	EUR
AN	Journal des à-nouveaux	1	20250101	44566	TVA sur autres biens et services			NBIXD4ZD9F	20250101	2024-03-30 – LES 3 CAVES – 00003015 - Report à nouveau	172,72	0,0				172,72	EUR
AN	Journal des à-nouveaux	1	20250101	44566	TVA sur autres biens et services			NBIXD4ZD9F	20250101	2024-03-30 – SODIGEL – 00003016 - Report à nouveau	13,33	0,0				13,33	EUR
AN	Journal des à-nouveaux	1	20250101	44566	TVA sur autres biens et services			NBIXD4ZD9F	20250101	2024-03-31 – SAS PRIMEURS SERVANTIE – 00000000 - Report à nouveau	2,61	0,0				2,61	EUR
AN	Journal des à-nouveaux	1	20250101	44566	TVA sur autres biens et services			NBIXD4ZD9F	20250101	2024-04-04 – PROMOCASH – 00004016 - Report à nouveau	10,43	0,0				10,43	EUR
AN	Journal des à-nouveaux	1	20250101	44566	TVA sur autres biens et services			NBIXD4ZD9F	20250101	2024-04-05 – ACTION – 00004004 - Report à nouveau	7,1	0,0				7,10	EUR
AN	Journal des à-nouveaux	1	20250101	44566	TVA sur autres biens et services			NBIXD4ZD9F	20250101	2024-04-05 – CARREFOUR – 00004007 - Report à nouveau	4,36	0,0				4,36	EUR
AN	Journal des à-nouveaux	1	20250101	44566	TVA sur autres biens et services			NBIXD4ZD9F	20250101	2024-04-05 – BATAILLON – 00004013 - Report à nouveau	6,6	0,0				6,60	EUR
AN	Journal des à-nouveaux	1	20250101	44566	TVA sur autres biens et services			NBIXD4ZD9F	20250101	2024-04-06 – SYSCO – 00004017 - Report à nouveau	11,39	0,0				11,39	EUR
AN	Journal des à-nouveaux	1	20250101	44566	TVA sur autres biens et services			NBIXD4ZD9F	20250101	2024-04-09 – LES 3 CAVES – 00004019 - Report à nouveau	32,38	0,0				32,38	EUR
AN	Journal des à-nouveaux	1	20250101	44566	TVA sur autres biens et services			NBIXD4ZD9F	20250101	2024-04-12 – CARREFOUR - Report à nouveau	7,61	0,0				7,61	EUR
AN	Journal des à-nouveaux	1	20250101	44566	TVA sur autres biens et services			NBIXD4ZD9F	20250101	2024-04-16 – LES 3 CAVES – 00004020 - Report à nouveau	23,64	0,0				23,64	EUR
AN	Journal des à-nouveaux	1	20250101	44566	TVA sur autres biens et services			NBIXD4ZD9F	20250101	2024-04-16 – SACEM – 00004028 - Report à nouveau	9,81	0,0				9,81	EUR
AN	Journal des à-nouveaux	1	20250101	44566	TVA sur autres biens et services			NBIXD4ZD9F	20250101	2024-04-19 – SODIGEL – 00004023 - Report à nouveau	9,22	0,0				9,22	EUR
AN	Journal des à-nouveaux	1	20250101	44566	TVA sur autres biens et services			NBIXD4ZD9F	20250101	2024-04-20 – CARREFOUR – 00004011 - Report à nouveau	5,77	0,0				5,77	EUR
AN	Journal des à-nouveaux	1	20250101	44566	TVA sur autres biens et services			NBIXD4ZD9F	20250101	2024-04-23 – CARREFOUR – 00004012 - Report à nouveau	4,62	0,0				4,62	EUR
AN	Journal des à-nouveaux	1	20250101	44566	TVA sur autres biens et services			NBIXD4ZD9F	20250101	2024-04-23 – LES 3 CAVES – 00004021 - Report à nouveau	44,52	0,0				44,52	EUR
AN	Journal des à-nouveaux	1	20250101	44566	TVA sur autres biens et services			NBIXD4ZD9F	20250101	2024-04-23 – SACEM – 00004029 - Report à nouveau	6,25	0,0				6,25	EUR
AN	Journal des à-nouveaux	1	20250101	44566	TVA sur autres biens et services			NBIXD4ZD9F	20250101	2024-04-23 – SPRE – 00004030 - Report à nouveau	7,67	0,0				7,67	EUR
AN	Journal des à-nouveaux	1	20250101	44566	TVA sur autres biens et services			NBIXD4ZD9F	20250101	2024-04-26 – SODIGEL – 00004024 - Report à nouveau	9,18	0,0				9,18	EUR
AN	Journal des à-nouveaux	1	20250101	44566	TVA sur autres biens et services			NBIXD4ZD9F	20250101	2024-04-27 – INTERMARCHE - Report à nouveau	0,64	0,0				0,64	EUR
AN	Journal des à-nouveaux	1	20250101	44566	TVA sur autres biens et services			NBIXD4ZD9F	20250101	2024-04-27 – SYSCO – 00004018 - Report à nouveau	12,39	0,0				12,39	EUR
AN	Journal des à-nouveaux	1	20250101	44566	TVA sur autres biens et services			NBIXD4ZD9F	20250101	2024-04-29 – SACEM – 00004031 - Report à nouveau	39,31	0,0				39,31	EUR
AN	Journal des à-nouveaux	1	20250101	44566	TVA sur autres biens et services			NBIXD4ZD9F	20250101	2024-04-29 – SPRE – 00004032 - Report à nouveau	17,02	0,0				17,02	EUR
AN	Journal des à-nouveaux	1	20250101	44566	TVA sur autres biens et services			NBIXD4ZD9F	20250101	2024-04-30 – LIDL - Report à nouveau	0,49	0,0				0,49	EUR
AN	Journal des à-nouveaux	1	20250101	44566	TVA sur autres biens et services			NBIXD4ZD9F	20250101	2024-04-30 – MANGEONS FRAIS – 00004006 - Report à nouveau	0,52	0,0				0,52	EUR
AN	Journal des à-nouveaux	1	20250101	44566	TVA sur autres biens et services			NBIXD4ZD9F	20250101	2024-04-30 – BATAILLON – 00004014 - Report à nouveau	14,81	0,0				14,81	EUR
AN	Journal des à-nouveaux	1	20250101	44566	TVA sur autres biens et services			NBIXD4ZD9F	20250101	2024-04-30 – SODIGEL – 00004025 - Report à nouveau	1,1	0,0				1,10	EUR
AN	Journal des à-nouveaux	1	20250101	44566	TVA sur autres biens et services			NBIXD4ZD9F	20250101	2024-05-03 – LES 3 CAVES – N000003 - Report à nouveau	11,46	0,0				11,46	EUR
AN	Journal des à-nouveaux	1	20250101	44566	TVA sur autres biens et services			NBIXD4ZD9F	20250101	2024-05-06 – CARREFOUR – N000020 - Report à nouveau	19,41	0,0				19,41	EUR
AN	Journal des à-nouveaux	1	20250101	44566	TVA sur autres biens et services			NBIXD4ZD9F	20250101	2024-05-21 – LES 3 CAVES - Report à nouveau	25,26	0,0				25,26	EUR
AN	Journal des à-nouveaux	1	20250101	44566	TVA sur autres biens et services			NBIXD4ZD9F	20250101	2024-05-24 – SODIGEL – N000002 - Report à nouveau	9,43	0,0				9,43	EUR
AN	Journal des à-nouveaux	1	20250101	44571008	TVA collectée à 10%			NBIXD4ZD9F	20250101	2024-04-30 – Libellé manquant – 30-04-2024-53000 - Report à nouveau	0,0	370,38				-370,38	EUR
AN	Journal des à-nouveaux	1	20250101	44571009	TVA collectée à 20%			NBIXD4ZD9F	20250101	2024-04-30 – Libellé manquant – 30-04-2024-53000 - Report à nouveau	0,0	102,62				-102,62	EUR
AN	Journal des à-nouveaux	1	20250101	44566	TVA sur autres biens et services			NBIXD4ZD9F	20250101	2024-04-20 – LES 3 CAVES – 00004027 - Report à nouveau	18,54	0,0				18,54	EUR
AN	Journal des à-nouveaux	1	20250101	44566	TVA sur autres biens et services			NBIXD4ZD9F	20250101	2024-03-30 – Facture LA HALLE CREPINOISE - MP RESTO – B9D36YYCMS - Report à nouveau	1,52	0,0				1,52	EUR
AN	Journal des à-nouveaux	1	20250101	44566	TVA sur autres biens et services			NBIXD4ZD9F	20250101	2024-04-21 – Facture LA HALLE CREPINOISE - SALDES & LEGUMES – 5NXBKUIYZG - Report à nouveau	0,33	0,0				0,33	EUR
AN	Journal des à-nouveaux	1	20250101	44566	TVA sur autres biens et services			NBIXD4ZD9F	20250101	2024-04-21 – Facture LA HALLE CREPINOISE - SALADE – EIKKH6KANK - Report à nouveau	0,13	0,0				0,13	EUR
AN	Journal des à-nouveaux	1	20250101	44566	TVA sur autres biens et services			NBIXD4ZD9F	20250101	2024-05-07 – SYSCO – 00005001 - Report à nouveau	3,74	0,0				3,74	EUR
AN	Journal des à-nouveaux	1	20250101	44566	TVA sur autres biens et services			NBIXD4ZD9F	20250101	2024-05-07 – SYSCO – N000004 - Report à nouveau	124,83	0,0				124,83	EUR
AN	Journal des à-nouveaux	1	20250101	44566	TVA sur autres biens et services			NBIXD4ZD9F	20250101	2024-05-07 – LES 3 CAVES – N000005 - Report à nouveau	49,59	0,0				49,59	EUR
AN	Journal des à-nouveaux	1	20250101	44566	TVA sur autres biens et services			NBIXD4ZD9F	20250101	2024-05-07 – SODIGEL – N000013 - Report à nouveau	17,33	0,0				17,33	EUR
AN	Journal des à-nouveaux	1	20250101	4452	TVA due intracommunautaire			NBIXD4ZD9F	20250101	2024-05-08 – AMAZON - Report à nouveau	0,0	46,75				-46,75	EUR
AN	Journal des à-nouveaux	1	20250101	445662	TVA déductible intracommunautaire à 20%			NBIXD4ZD9F	20250101	2024-05-08 – AMAZON - Report à nouveau	46,75	0,0				46,75	EUR
AN	Journal des à-nouveaux	1	20250101	44566	TVA sur autres biens et services			NBIXD4ZD9F	20250101	2024-05-09 – SODIGEL – N000014 - Report à nouveau	0,0	0,73				-0,73	EUR
AN	Journal des à-nouveaux	1	20250101	44566	TVA sur autres biens et services			NBIXD4ZD9F	20250101	2024-05-09 – SYSCO – N000016 - Report à nouveau	8,98	0,0				8,98	EUR
AN	Journal des à-nouveaux	1	20250101	44566	TVA sur autres biens et services			NBIXD4ZD9F	20250101	2024-05-10 – SODIGEL – N000015 - Report à nouveau	17,06	0,0				17,06	EUR
AN	Journal des à-nouveaux	1	20250101	44566	TVA sur autres biens et services			NBIXD4ZD9F	20250101	2024-05-10 – CARREFOUR – N000023 - Report à nouveau	21,87	0,0				21,87	EUR
AN	Journal des à-nouveaux	1	20250101	44566	TVA sur autres biens et services			NBIXD4ZD9F	20250101	2024-05-10 – CARREFOUR – N000024 - Report à nouveau	13,31	0,0				13,31	EUR
AN	Journal des à-nouveaux	1	20250101	44566	TVA sur autres biens et services			NBIXD4ZD9F	20250101	2024-05-11 – CARREFOUR – N000021 - Report à nouveau	16,52	0,0				16,52	EUR
AN	Journal des à-nouveaux	1	20250101	44566	TVA sur autres biens et services			NBIXD4ZD9F	20250101	2024-05-13 – PROMOCASH – N000010 - Report à nouveau	24,54	0,0				24,54	EUR
AN	Journal des à-nouveaux	1	20250101	44566	TVA sur autres biens et services			NBIXD4ZD9F	20250101	2024-05-14 – SPRE AVOIR – 00005002 - Report à nouveau	0,0	7,67				-7,67	EUR
AN	Journal des à-nouveaux	1	20250101	44566	TVA sur autres biens et services			NBIXD4ZD9F	20250101	2024-05-14 – SODIGEL – N000006 - Report à nouveau	1,34	0,0				1,34	EUR
AN	Journal des à-nouveaux	1	20250101	44566	TVA sur autres biens et services			NBIXD4ZD9F	20250101	2024-05-14 – SODIGEL – N000007 - Report à nouveau	3,13	0,0				3,13	EUR
AN	Journal des à-nouveaux	1	20250101	44566	TVA sur autres biens et services			NBIXD4ZD9F	20250101	2024-05-14 – LES 3 CAVES – N000008 - Report à nouveau	18,77	0,0				18,77	EUR
AN	Journal des à-nouveaux	1	20250101	44566	TVA sur autres biens et services			NBIXD4ZD9F	20250101	2024-05-17 – SODIGEL – N000009 - Report à nouveau	12,16	0,0				12,16	EUR
AN	Journal des à-nouveaux	1	20250101	44566	TVA sur autres biens et services			NBIXD4ZD9F	20250101	2024-05-17 – INTERMARCHE – N000019 - Report à nouveau	7,65	0,0				7,65	EUR
AN	Journal des à-nouveaux	1	20250101	4458	Taxes sur le chiffre d'affaires à régulariser ou en attente			NBIXD4ZD9F	20250101	2024-12-31 – FNP HONORAIRES BILAN 2024 – QUSBRFCLWX - Report à nouveau	200,0	0,0				200,00	EUR
AN	Journal des à-nouveaux	1	20250101	120	Résultat de l'exercice			NBIXD4ZD9F	20250101	Report à nouveau	0,0	2678,76				-2678,76	EUR
HA	Journal d’achat	2	20250101	6516000003	Droits d'auteur et de reproduction (Pas de TVA)			UP97REBPPO	20250101	Facture SACEM - 0124010633730	10,9	0,0				10,90	EUR
HA	Journal d’achat	2	20250101	401	Fournisseurs	401SACEM	SACEM	UP97REBPPO	20250101	Facture SACEM - 0124010633730	0,0	10,9	E	20250528		-10,90	EUR
HA	Journal d’achat	3	20250101	6516	Droits d'auteur et de reproduction			L2XVAFUFJX	20250101	Facture SACEM - 0124010499816	397,18	0,0				397,18	EUR
HA	Journal d’achat	3	20250101	401	Fournisseurs	401SACEM	SACEM	L2XVAFUFJX	20250101	Facture SACEM - 0124010499816	0,0	436,69	E	20250528		-436,69	EUR
HA	Journal d’achat	3	20250101	44564	TVA déductible sur encaissements			L2XVAFUFJX	20250101	Facture SACEM - 0124010499816	39,51	0,0	F	20250528		39,51	EUR
HA	Journal d’achat	4	20250101	6516	Droits d'auteur et de reproduction			0XASPWHA53	20250101	Facture SACEM - 0124010468470	99,18	0,0				99,18	EUR
HA	Journal d’achat	4	20250101	401	Fournisseurs	401SACEM	SACEM	0XASPWHA53	20250101	Facture SACEM - 0124010468470	0,0	108,99	G	20250404		-108,99	EUR
HA	Journal d’achat	4	20250101	44564	TVA déductible sur encaissements			0XASPWHA53	20250101	Facture SACEM - 0124010468470	9,81	0,0	H	20250404		9,81	EUR
BQ1	Journal de trésorerie - CREDIT MUTUEL	5	20250101	5121001	Crédit Mutuel - CREDIT MUTUEL SUD OUEST			64DLR6NO9K	20250101	COMM. D'ENGAGEMENT TRIM 04	0,0	1,25				-1,25	EUR
BQ1	Journal de trésorerie - CREDIT MUTUEL	5	20250101	6270000003	Services bancaires et assimilés (Pas de TVA)			64DLR6NO9K	20250101	COMM. D'ENGAGEMENT TRIM 04	1,25	0,0				1,25	EUR
BQ1	Journal de trésorerie - CREDIT MUTUEL	6	20250101	5121001	Crédit Mutuel - CREDIT MUTUEL SUD OUEST			K2C14QQFGG	20250101	COMM. DE MOUVEMENT TRIM 04	0,0	2,88				-2,88	EUR
BQ1	Journal de trésorerie - CREDIT MUTUEL	6	20250101	6270000003	Services bancaires et assimilés (Pas de TVA)			K2C14QQFGG	20250101	COMM. DE MOUVEMENT TRIM 04	2,88	0,0				2,88	EUR
OD	Journal des opérations diverses	7	20250101	120	Résultat de l'exercice			54N9ATWZVR	20250101	AFFECTATION RLT 2024	2678,76	0,0				2678,76	EUR
OD	Journal des opérations diverses	7	20250101	101	Capital			54N9ATWZVR	20250101	AFFECTATION RLT 2024	0,0	4014,14				-4014,14	EUR
OD	Journal des opérations diverses	7	20250101	108	Compte de l'exploitant			54N9ATWZVR	20250101	AFFECTATION RLT 2024	1335,38	0,0				1335,38	EUR
OD	Journal des opérations diverses	8	20250101	370	Stocks de marchandises			QXX7LUHIMW	20250101	STOCKS 31.12.2024 – Extourne	0,0	1500,0				-1500,00	EUR
OD	Journal des opérations diverses	8	20250101	6037000009	Variation des stocks de marchandises (TVA 20%)			QXX7LUHIMW	20250101	STOCKS 31.12.2024 – Extourne	1500,0	0,0				1500,00	EUR
OD	Journal des opérations diverses	9	20250101	6226100009	HONORAIRES COMPTABLES (TVA 20%)			HB2MKIOCR0	20250101	FNP HONORAIRES BILAN 2024 – Extourne	0,0	1000,0				-1000,00	EUR
OD	Journal des opérations diverses	9	20250101	4458	Taxes sur le chiffre d'affaires à régulariser ou en attente			HB2MKIOCR0	20250101	FNP HONORAIRES BILAN 2024 – Extourne	0,0	200,0				-200,00	EUR
OD	Journal des opérations diverses	9	20250101	4081	Fournisseurs			HB2MKIOCR0	20250101	FNP HONORAIRES BILAN 2024 – Extourne	1200,0	0,0				1200,00	EUR
BQ1	Journal de trésorerie - CREDIT MUTUEL	10	20250102	5121001	Crédit Mutuel - CREDIT MUTUEL SUD OUEST			UHVSSVLSE9	20250102	COTISATION EUROCOMPTE PRO	0,0	22,15				-22,15	EUR
BQ1	Journal de trésorerie - CREDIT MUTUEL	10	20250102	627	Services bancaires et assimilés			UHVSSVLSE9	20250102	COTISATION EUROCOMPTE PRO	22,15	0,0				22,15	EUR
BQ1	Journal de trésorerie - CREDIT MUTUEL	11	20250102	5121001	Crédit Mutuel - CREDIT MUTUEL SUD OUEST			O2JTYC0EH0	20250102	CARTE 31/12 STATION TO SARLAT LA	0,0	46,5				-46,50	EUR
BQ1	Journal de trésorerie - CREDIT MUTUEL	11	20250102	6062	Fournitures non stockables (carburant)			O2JTYC0EH0	20250102	CARTE 31/12 STATION TO SARLAT LA	46,5	0,0				46,50	EUR
BQ1	Journal de trésorerie - CREDIT MUTUEL	12	20250106	5121001	Crédit Mutuel - CREDIT MUTUEL SUD OUEST			XF4GXZB5KX	20250106	PRLV NOVELIA	0,0	96,25				-96,25	EUR
BQ1	Journal de trésorerie - CREDIT MUTUEL	12	20250106	401	Fournisseurs	401100025	ASU GROUPE TVA KEREIS	XF4GXZB5KX	20250106	PRLV NOVELIA	96,25	0,0				96,25	EUR
RT	Journal des récupération de TVA	13	20250106	44564	TVA déductible sur encaissements			TSGE9AUAZS	20250106	PRLV NOVELIA	0,0	0,07				-0,07	EUR
RT	Journal des récupération de TVA	13	20250106	44566	TVA sur autres biens et services			TSGE9AUAZS	20250106	PRLV NOVELIA	0,07	0,0				0,07	EUR
BQ1	Journal de trésorerie - CREDIT MUTUEL	14	20250114	5121001	Crédit Mutuel - CREDIT MUTUEL SUD OUEST			JKPF0TBCBO	20250114	VIR URSSAF AQUITAINE 2024	0,0	1230,0				-1230,00	EUR
BQ1	Journal de trésorerie - CREDIT MUTUEL	14	20250114	6460000003	Cotisations sociales personnelles de l'exploitant (Pas de TVA)			JKPF0TBCBO	20250114	VIR URSSAF AQUITAINE 2024	1230,0	0,0				1230,00	EUR
BQ1	Journal de trésorerie - CREDIT MUTUEL	15	20250115	5121001	Crédit Mutuel - CREDIT MUTUEL SUD OUEST			JF1BVWRH4W	20250115	CARTE 14/01 CARREFOURM SARLAT LA	0,0	111,87				-111,87	EUR
BQ1	Journal de trésorerie - CREDIT MUTUEL	15	20250115	401	Fournisseurs	401CARREF	CARREFOUR	JF1BVWRH4W	20250115	CARTE 14/01 CARREFOURM SARLAT LA	111,87	0,0	I	20251231		111,87	EUR
BQ1	Journal de trésorerie - CREDIT MUTUEL	16	20250115	5121001	Crédit Mutuel - CREDIT MUTUEL SUD OUEST			JRUWUZ36DZ	20250115	F VIREMENT (CAS D'UN VIREMENT SE	0,0	4,52				-4,52	EUR
BQ1	Journal de trésorerie - CREDIT MUTUEL	16	20250115	627	Services bancaires et assimilés			JRUWUZ36DZ	20250115	F VIREMENT (CAS D'UN VIREMENT SE	4,52	0,0				4,52	EUR
BQ1	Journal de trésorerie - CREDIT MUTUEL	17	20250203	5121001	Crédit Mutuel - CREDIT MUTUEL SUD OUEST			LWML1I0IJU	20250203	COTISATION EUROCOMPTE PRO	0,0	22,15				-22,15	EUR
BQ1	Journal de trésorerie - CREDIT MUTUEL	17	20250203	627	Services bancaires et assimilés			LWML1I0IJU	20250203	COTISATION EUROCOMPTE PRO	22,15	0,0				22,15	EUR
BQ1	Journal de trésorerie - CREDIT MUTUEL	18	20250203	5121001	Crédit Mutuel - CREDIT MUTUEL SUD OUEST			IHKXE6Y1X9	20250203	VIR LABICHE MYLENE	0,0	400,0				-400,00	EUR
BQ1	Journal de trésorerie - CREDIT MUTUEL	18	20250203	108	Compte de l'exploitant			IHKXE6Y1X9	20250203	VIR LABICHE MYLENE	400,0	0,0				400,00	EUR
BQ1	Journal de trésorerie - CREDIT MUTUEL	19	20250205	5121001	Crédit Mutuel - CREDIT MUTUEL SUD OUEST			CRXHWWZAJO	20250205	PRLV NOVELIA	0,0	96,25				-96,25	EUR
BQ1	Journal de trésorerie - CREDIT MUTUEL	19	20250205	401	Fournisseurs	401100025	ASU GROUPE TVA KEREIS	CRXHWWZAJO	20250205	PRLV NOVELIA	96,25	0,0				96,25	EUR
RT	Journal des récupération de TVA	20	20250205	44564	TVA déductible sur encaissements			4S8TPLE4SO	20250205	PRLV NOVELIA	0,0	0,07				-0,07	EUR
RT	Journal des récupération de TVA	20	20250205	44566	TVA sur autres biens et services			4S8TPLE4SO	20250205	PRLV NOVELIA	0,07	0,0				0,07	EUR
BQ1	Journal de trésorerie - CREDIT MUTUEL	21	20250211	5121001	Crédit Mutuel - CREDIT MUTUEL SUD OUEST			U8TT5LZIL3	20250211	CARTE 10/02 CARREFOURM SARLAT LA	0,0	60,58				-60,58	EUR
BQ1	Journal de trésorerie - CREDIT MUTUEL	21	20250211	401	Fournisseurs	401CARREF	CARREFOUR	U8TT5LZIL3	20250211	CARTE 10/02 CARREFOURM SARLAT LA	60,58	0,0	I	20251231		60,58	EUR
BQ1	Journal de trésorerie - CREDIT MUTUEL	22	20250215	5121001	Crédit Mutuel - CREDIT MUTUEL SUD OUEST			PCUIJHVDSE	20250215	CARTE 14/02 INTERMARCH SALIGNAC	0,0	7,74				-7,74	EUR
BQ1	Journal de trésorerie - CREDIT MUTUEL	22	20250215	401	Fournisseurs	401INTERM	INTERMARCHE	PCUIJHVDSE	20250215	CARTE 14/02 INTERMARCH SALIGNAC	7,74	0,0	J	20251231		7,74	EUR
HA	Journal d’achat	23	20250304	616	Primes d'assurances			BK6EJQZEL0	20250304	Facture ASU GROUPE TVA KEREIS - EMA1465028	1329,11	0,0				1329,11	EUR
HA	Journal d’achat	23	20250304	401	Fournisseurs	401100025	ASU GROUPE TVA KEREIS	BK6EJQZEL0	20250304	Facture ASU GROUPE TVA KEREIS - EMA1465028	0,0	1330,14				-1330,14	EUR
HA	Journal d’achat	23	20250304	44564	TVA déductible sur encaissements			BK6EJQZEL0	20250304	Facture ASU GROUPE TVA KEREIS - EMA1465028	1,03	0,0				1,03	EUR
BQ1	Journal de trésorerie - CREDIT MUTUEL	24	20250304	5121001	Crédit Mutuel - CREDIT MUTUEL SUD OUEST			PTDNAUN0GA	20250304	CARTE 03/03 CARREFOURMARKET SARLAT LA CANE	0,0	54,54				-54,54	EUR
BQ1	Journal de trésorerie - CREDIT MUTUEL	24	20250304	401	Fournisseurs	401CARREF	CARREFOUR	PTDNAUN0GA	20250304	CARTE 03/03 CARREFOURMARKET SARLAT LA CANE	54,54	0,0	I	20251231		54,54	EUR
BQ1	Journal de trésorerie - CREDIT MUTUEL	25	20250304	5121001	Crédit Mutuel - CREDIT MUTUEL SUD OUEST			DGPQPTETGG	20250304	CARTE 03/03 Action 4647 Sarla la Caned	0,0	19,9				-19,90	EUR
BQ1	Journal de trésorerie - CREDIT MUTUEL	25	20250304	401	Fournisseurs	401ACTION	ACTION	DGPQPTETGG	20250304	CARTE 03/03 Action 4647 Sarla la Caned	19,9	0,0	K	20251231		19,90	EUR
BQ1	Journal de trésorerie - CREDIT MUTUEL	26	20250305	5121001	Crédit Mutuel - CREDIT MUTUEL SUD OUEST			VDWT11LZLX	20250305	PRLV NOVELIA	0,0	96,25				-96,25	EUR
BQ1	Journal de trésorerie - CREDIT MUTUEL	26	20250305	401	Fournisseurs	401100025	ASU GROUPE TVA KEREIS	VDWT11LZLX	20250305	PRLV NOVELIA	96,25	0,0				96,25	EUR
RT	Journal des récupération de TVA	27	20250305	44564	TVA déductible sur encaissements			FYYY4XRIFL	20250305	PRLV NOVELIA	0,0	0,07				-0,07	EUR
RT	Journal des récupération de TVA	27	20250305	44566	TVA sur autres biens et services			FYYY4XRIFL	20250305	PRLV NOVELIA	0,07	0,0				0,07	EUR
BQ1	Journal de trésorerie - CREDIT MUTUEL	28	20250305	5121001	Crédit Mutuel - CREDIT MUTUEL SUD OUEST			LYRAAJ6MWA	20250305	CARTE 04/03 INTERMARCHE SS C SALIGNAC EYVIG	0,0	48,87				-48,87	EUR
BQ1	Journal de trésorerie - CREDIT MUTUEL	28	20250305	401	Fournisseurs	401INTERM	INTERMARCHE	LYRAAJ6MWA	20250305	CARTE 04/03 INTERMARCHE SS C SALIGNAC EYVIG	48,87	0,0	J	20251231		48,87	EUR
BQ1	Journal de trésorerie - CREDIT MUTUEL	29	20250310	5121001	Crédit Mutuel - CREDIT MUTUEL SUD OUEST			QYATEMZSNQ	20250310	COTISATION EUROCOMPTE PRO	0,0	22,15				-22,15	EUR
BQ1	Journal de trésorerie - CREDIT MUTUEL	29	20250310	627	Services bancaires et assimilés			QYATEMZSNQ	20250310	COTISATION EUROCOMPTE PRO	22,15	0,0				22,15	EUR
BQ1	Journal de trésorerie - CREDIT MUTUEL	30	20250312	5121001	Crédit Mutuel - CREDIT MUTUEL SUD OUEST			RWBOH2QKVS	20250312	CARTE 11/03 SNACK ZENITH TOULOUSE	0,0	12,0				-12,00	EUR
BQ1	Journal de trésorerie - CREDIT MUTUEL	30	20250312	618	Divers			RWBOH2QKVS	20250312	CARTE 11/03 SNACK ZENITH TOULOUSE	12,0	0,0				12,00	EUR
BQ1	Journal de trésorerie - CREDIT MUTUEL	31	20250312	5121001	Crédit Mutuel - CREDIT MUTUEL SUD OUEST			KKVWYJCG1P	20250312	CARTE 11/03 SNACK ZENITH TOULOUSE	0,0	10,0				-10,00	EUR
BQ1	Journal de trésorerie - CREDIT MUTUEL	31	20250312	108	Compte de l'exploitant			KKVWYJCG1P	20250312	CARTE 11/03 SNACK ZENITH TOULOUSE	10,0	0,0				10,00	EUR
BQ1	Journal de trésorerie - CREDIT MUTUEL	32	20250312	5121001	Crédit Mutuel - CREDIT MUTUEL SUD OUEST			VYHEVIDIYL	20250312	CARTE 11/03 SNACK ZENITH TOULOUSE	0,0	10,0				-10,00	EUR
BQ1	Journal de trésorerie - CREDIT MUTUEL	32	20250312	108	Compte de l'exploitant			VYHEVIDIYL	20250312	CARTE 11/03 SNACK ZENITH TOULOUSE	10,0	0,0				10,00	EUR
BQ1	Journal de trésorerie - CREDIT MUTUEL	33	20250312	5121001	Crédit Mutuel - CREDIT MUTUEL SUD OUEST			IYQZDHGJCL	20250312	CARTE 11/03 SNACK ZENITH TOULOUSE	0,0	6,0				-6,00	EUR
BQ1	Journal de trésorerie - CREDIT MUTUEL	33	20250312	108	Compte de l'exploitant			IYQZDHGJCL	20250312	CARTE 11/03 SNACK ZENITH TOULOUSE	6,0	0,0				6,00	EUR
BQ1	Journal de trésorerie - CREDIT MUTUEL	34	20250313	5121001	Crédit Mutuel - CREDIT MUTUEL SUD OUEST			PYENKDYQAS	20250313	CARTE 12/03 LE PETIT CASINO TOULOUSE	0,0	7,05				-7,05	EUR
BQ1	Journal de trésorerie - CREDIT MUTUEL	34	20250313	618	Divers			PYENKDYQAS	20250313	CARTE 12/03 LE PETIT CASINO TOULOUSE	7,05	0,0				7,05	EUR
BQ1	Journal de trésorerie - CREDIT MUTUEL	35	20250313	5121001	Crédit Mutuel - CREDIT MUTUEL SUD OUEST			LMBXD5HEVZ	20250313	CARTE 12/03 MATEFAIM TOULOUSE	0,0	7,04				-7,04	EUR
BQ1	Journal de trésorerie - CREDIT MUTUEL	35	20250313	618	Divers			LMBXD5HEVZ	20250313	CARTE 12/03 MATEFAIM TOULOUSE	7,04	0,0				7,04	EUR
HA	Journal d’achat	36	20250314	6063000009	Fournitures d'entretien et de petit équipement (TVA 20%)			UKEQK8LU9P	20250314	Facture BRICOMARCHE - T0120	29,16	0,0				29,16	EUR
HA	Journal d’achat	36	20250314	401	Fournisseurs	401BRICOM	BRICOMARCHE	UKEQK8LU9P	20250314	Facture BRICOMARCHE - T0120	0,0	34,99	L	20250315		-34,99	EUR
HA	Journal d’achat	36	20250314	44566	TVA sur autres biens et services			UKEQK8LU9P	20250314	Facture BRICOMARCHE - T0120	5,83	0,0				5,83	EUR
BQ1	Journal de trésorerie - CREDIT MUTUEL	37	20250314	5121001	Crédit Mutuel - CREDIT MUTUEL SUD OUEST			BMLAQXKICH	20250314	CARTE 13/03 INTERMERCAT HP EL PAS DE LA	0,0	106,89				-106,89	EUR
BQ1	Journal de trésorerie - CREDIT MUTUEL	37	20250314	401	Fournisseurs	401INTERM	INTERMARCHE	BMLAQXKICH	20250314	CARTE 13/03 INTERMERCAT HP EL PAS DE LA	106,89	0,0	J	20251231		106,89	EUR
BQ1	Journal de trésorerie - CREDIT MUTUEL	38	20250314	5121001	Crédit Mutuel - CREDIT MUTUEL SUD OUEST			QMETLGLYL5	20250314	CARTE 13/03 KING COMPLEMENTS PAS DE LA CAS	0,0	5,98				-5,98	EUR
BQ1	Journal de trésorerie - CREDIT MUTUEL	38	20250314	618	Divers			QMETLGLYL5	20250314	CARTE 13/03 KING COMPLEMENTS PAS DE LA CAS	5,98	0,0				5,98	EUR
HA	Journal d’achat	39	20250314	6063	Fournitures d'entretien et de petit équipement			9C9DPZANBH	20250314	Facture ACTION FRANCE - 464710290004143	123,49	0,0				123,49	EUR
HA	Journal d’achat	39	20250314	401	Fournisseurs	401100021	ACTION FRANCE	9C9DPZANBH	20250314	Facture ACTION FRANCE - 464710290004143	0,0	148,05	M	20250315		-148,05	EUR
HA	Journal d’achat	39	20250314	44566	TVA sur autres biens et services			9C9DPZANBH	20250314	Facture ACTION FRANCE - 464710290004143	24,56	0,0				24,56	EUR
BQ1	Journal de trésorerie - CREDIT MUTUEL	40	20250315	5121001	Crédit Mutuel - CREDIT MUTUEL SUD OUEST			2EMFI9PTXO	20250315	CARTE 14/03 SAS ANTALAUR SARLAT LA CANE	0,0	34,99				-34,99	EUR
BQ1	Journal de trésorerie - CREDIT MUTUEL	40	20250315	401	Fournisseurs	401BRICOM	BRICOMARCHE	2EMFI9PTXO	20250315	CARTE 14/03 SAS ANTALAUR SARLAT LA CANE	34,99	0,0	L	20250315		34,99	EUR
BQ1	Journal de trésorerie - CREDIT MUTUEL	41	20250315	5121001	Crédit Mutuel - CREDIT MUTUEL SUD OUEST			IEAJNCMJIQ	20250315	CARTE 14/03 Action 4647 Sarla la Caned	0,0	148,05				-148,05	EUR
BQ1	Journal de trésorerie - CREDIT MUTUEL	41	20250315	401	Fournisseurs	401100021	ACTION FRANCE	IEAJNCMJIQ	20250315	CARTE 14/03 Action 4647 Sarla la Caned	148,05	0,0	M	20250315		148,05	EUR
BQ1	Journal de trésorerie - CREDIT MUTUEL	42	20250315	5121001	Crédit Mutuel - CREDIT MUTUEL SUD OUEST			AIAMS8OKXI	20250315	CARTE 14/03 E.LECLERC SARLAT LA CANE	0,0	53,4				-53,40	EUR
BQ1	Journal de trésorerie - CREDIT MUTUEL	42	20250315	401	Fournisseurs	401LECLER	LECLERC	AIAMS8OKXI	20250315	CARTE 14/03 E.LECLERC SARLAT LA CANE	53,4	0,0	N	20251231		53,40	EUR
HA	Journal d’achat	43	20250317	6063000009	Fournitures d'entretien et de petit équipement (TVA 20%)			SOHUHACPBO	20250317	Facture SARL CLOUP - 003048013	31,57	0,0				31,57	EUR
HA	Journal d’achat	43	20250317	401	Fournisseurs	401100023	SARL CLOUP	SOHUHACPBO	20250317	Facture SARL CLOUP - 003048013	0,0	37,89	O	20250317		-37,89	EUR
HA	Journal d’achat	43	20250317	44566	TVA sur autres biens et services			SOHUHACPBO	20250317	Facture SARL CLOUP - 003048013	6,32	0,0				6,32	EUR
OD	Journal des opérations diverses	44	20250317	401	Fournisseurs	401100023	SARL CLOUP	BY1KHR01BV	20250317	Rgt esp	37,89	0,0	O	20250317		37,89	EUR
OD	Journal des opérations diverses	44	20250317	44566	TVA sur autres biens et services			BY1KHR01BV	20250317	Rgt esp	0,0	37,89				-37,89	EUR
BQ1	Journal de trésorerie - CREDIT MUTUEL	45	20250319	5121001	Crédit Mutuel - CREDIT MUTUEL SUD OUEST			R2YK3MUMJL	20250319	CARTE 18/03 DECAT ESSENTIEL SARLAT LA CANE	0,0	39,99				-39,99	EUR
BQ1	Journal de trésorerie - CREDIT MUTUEL	45	20250319	618	Divers			R2YK3MUMJL	20250319	CARTE 18/03 DECAT ESSENTIEL SARLAT LA CANE	39,99	0,0				39,99	EUR
HA	Journal d’achat	46	20250320	60111	ACHATS MAT 1RES TX REDUIT			EPQDY9E3T8	20250320	Facture PROMOCASH - 262737	87,05	0,0				87,05	EUR
HA	Journal d’achat	46	20250320	401	Fournisseurs	401PROMOC	PROMOCASH	EPQDY9E3T8	20250320	Facture PROMOCASH - 262737	0,0	94,42	P	20250321		-94,42	EUR
HA	Journal d’achat	46	20250320	44566	TVA sur autres biens et services			EPQDY9E3T8	20250320	Facture PROMOCASH - 262737	7,37	0,0				7,37	EUR
HA	Journal d’achat	47	20250320	60111	ACHATS MAT 1RES TX REDUIT			CJPGFBKN2L	20250320	Facture CSF - 14427758085803	183,22	0,0				183,22	EUR
HA	Journal d’achat	47	20250320	401	Fournisseurs	401100011	CSF	CJPGFBKN2L	20250320	Facture CSF - 14427758085803	0,0	194,52	Q	20250321		-194,52	EUR
HA	Journal d’achat	47	20250320	44566	TVA sur autres biens et services			CJPGFBKN2L	20250320	Facture CSF - 14427758085803	11,3	0,0				11,30	EUR
BQ1	Journal de trésorerie - CREDIT MUTUEL	48	20250321	5121001	Crédit Mutuel - CREDIT MUTUEL SUD OUEST			GRSD0L8XNV	20250321	CARTE 20/03 PROMOCASH SARLAT LA CANE	0,0	94,42				-94,42	EUR
BQ1	Journal de trésorerie - CREDIT MUTUEL	48	20250321	401	Fournisseurs	401PROMOC	PROMOCASH	GRSD0L8XNV	20250321	CARTE 20/03 PROMOCASH SARLAT LA CANE	94,42	0,0	P	20250321		94,42	EUR
BQ1	Journal de trésorerie - CREDIT MUTUEL	49	20250321	5121001	Crédit Mutuel - CREDIT MUTUEL SUD OUEST			LPPGPYXXWN	20250321	CARTE 20/03 CARREFOURMARKET SARLAT LA CANE	0,0	194,52				-194,52	EUR
BQ1	Journal de trésorerie - CREDIT MUTUEL	49	20250321	401	Fournisseurs	401100011	CSF	LPPGPYXXWN	20250321	CARTE 20/03 CARREFOURMARKET SARLAT LA CANE	194,52	0,0	Q	20250321		194,52	EUR
BQ1	Journal de trésorerie - CREDIT MUTUEL	50	20250322	5121001	Crédit Mutuel - CREDIT MUTUEL SUD OUEST			2Q9RHE65LW	20250322	CARTE 21/03 INTERMARCHE SS C SALIGNAC EYVIG	0,0	40,49				-40,49	EUR
BQ1	Journal de trésorerie - CREDIT MUTUEL	50	20250322	401	Fournisseurs	401INTERM	INTERMARCHE	2Q9RHE65LW	20250322	CARTE 21/03 INTERMARCHE SS C SALIGNAC EYVIG	40,49	0,0	J	20251231		40,49	EUR
BQ1	Journal de trésorerie - CREDIT MUTUEL	51	20250324	5121001	Crédit Mutuel - CREDIT MUTUEL SUD OUEST			EGWNGV5SU8	20250324	CARTE 22/03 LA HALLE CREPINO SAINT CREPIN E	0,0	6,5				-6,50	EUR
BQ1	Journal de trésorerie - CREDIT MUTUEL	51	20250324	401	Fournisseurs	401HALLE	LA HALLE CREPINOISE	EGWNGV5SU8	20250324	CARTE 22/03 LA HALLE CREPINO SAINT CREPIN E	6,5	0,0	R	20251231		6,50	EUR
BQ1	Journal de trésorerie - CREDIT MUTUEL	52	20250326	5121001	Crédit Mutuel - CREDIT MUTUEL SUD OUEST			HGMYTC0RMF	20250326	CARTE 25/03 CARREFOURMARKET SARLAT LA CANE	0,0	98,01				-98,01	EUR
BQ1	Journal de trésorerie - CREDIT MUTUEL	52	20250326	401	Fournisseurs	401CARREF	CARREFOUR	HGMYTC0RMF	20250326	CARTE 25/03 CARREFOURMARKET SARLAT LA CANE	98,01	0,0	I	20251231		98,01	EUR
HA	Journal d’achat	53	20250327	6011100006	ACHATS MAT 1RES TX REDUIT (TVA 5.5%)			XX35YL68SD	20250327	Facture MANGEONS FRAIS - 000033702 383	88,55	0,0				88,55	EUR
HA	Journal d’achat	53	20250327	401	Fournisseurs	401MANGEO	MANGEONS FRAIS	XX35YL68SD	20250327	Facture MANGEONS FRAIS - 000033702 383	0,0	93,42	S	20250328		-93,42	EUR
HA	Journal d’achat	53	20250327	44566	TVA sur autres biens et services			XX35YL68SD	20250327	Facture MANGEONS FRAIS - 000033702 383	4,87	0,0				4,87	EUR
HA	Journal d’achat	54	20250327	60111	ACHATS MAT 1RES TX REDUIT			XBUAO5NASG	20250327	Facture PROMOCASH - 263277	122,31	0,0				122,31	EUR
HA	Journal d’achat	54	20250327	401	Fournisseurs	401PROMOC	PROMOCASH	XBUAO5NASG	20250327	Facture PROMOCASH - 263277	0,0	132,0	T	20250328		-132,00	EUR
HA	Journal d’achat	54	20250327	44566	TVA sur autres biens et services			XBUAO5NASG	20250327	Facture PROMOCASH - 263277	9,69	0,0				9,69	EUR
BQ1	Journal de trésorerie - CREDIT MUTUEL	55	20250327	5121001	Crédit Mutuel - CREDIT MUTUEL SUD OUEST			HXJMZUHMKY	20250327	CARTE 26/03 Action 4647 Sarla la Caned	0,0	65,6				-65,60	EUR
BQ1	Journal de trésorerie - CREDIT MUTUEL	55	20250327	401	Fournisseurs	401ACTION	ACTION	HXJMZUHMKY	20250327	CARTE 26/03 Action 4647 Sarla la Caned	65,6	0,0	K	20251231		65,60	EUR
HA	Journal d’achat	56	20250328	6011100006	ACHATS MAT 1RES TX REDUIT (TVA 5.5%)			JPUDH61DAY	20250328	Facture MANGEONS FRAIS - 000033702 383	3,79	0,0				3,79	EUR
HA	Journal d’achat	56	20250328	401	Fournisseurs	401MANGEO	MANGEONS FRAIS	JPUDH61DAY	20250328	Facture MANGEONS FRAIS - 000033702 383	0,0	4,0	U	20250329		-4,00	EUR
HA	Journal d’achat	56	20250328	44566	TVA sur autres biens et services			JPUDH61DAY	20250328	Facture MANGEONS FRAIS - 000033702 383	0,21	0,0				0,21	EUR
BQ1	Journal de trésorerie - CREDIT MUTUEL	57	20250328	5121001	Crédit Mutuel - CREDIT MUTUEL SUD OUEST			HB2XKD9A4T	20250328	CARTE 27/03 LHB SARLAT LA CA CHATEAURENARD	0,0	93,42				-93,42	EUR
BQ1	Journal de trésorerie - CREDIT MUTUEL	57	20250328	401	Fournisseurs	401MANGEO	MANGEONS FRAIS	HB2XKD9A4T	20250328	CARTE 27/03 LHB SARLAT LA CA CHATEAURENARD	93,42	0,0	S	20250328		93,42	EUR
BQ1	Journal de trésorerie - CREDIT MUTUEL	58	20250328	5121001	Crédit Mutuel - CREDIT MUTUEL SUD OUEST			IQCGB7SUHG	20250328	CARTE 27/03 PROMOCASH SARLAT LA CANE	0,0	132,0				-132,00	EUR
BQ1	Journal de trésorerie - CREDIT MUTUEL	58	20250328	401	Fournisseurs	401PROMOC	PROMOCASH	IQCGB7SUHG	20250328	CARTE 27/03 PROMOCASH SARLAT LA CANE	132,0	0,0	T	20250328		132,00	EUR
BQ1	Journal de trésorerie - CREDIT MUTUEL	59	20250328	5121001	Crédit Mutuel - CREDIT MUTUEL SUD OUEST			QDEH6DNQP6	20250328	CARTE 27/03 CARREFOURMARKET SARLAT LA CANE	0,0	343,56				-343,56	EUR
BQ1	Journal de trésorerie - CREDIT MUTUEL	59	20250328	401	Fournisseurs	401CARREF	CARREFOUR	QDEH6DNQP6	20250328	CARTE 27/03 CARREFOURMARKET SARLAT LA CANE	343,56	0,0	I	20251231		343,56	EUR
BQ1	Journal de trésorerie - CREDIT MUTUEL	60	20250328	5121001	Crédit Mutuel - CREDIT MUTUEL SUD OUEST			T0XYMAHLSB	20250328	CARTE 27/03 Action 4647 Sarla la Caned	0,0	75,68				-75,68	EUR
BQ1	Journal de trésorerie - CREDIT MUTUEL	60	20250328	401	Fournisseurs	401ACTION	ACTION	T0XYMAHLSB	20250328	CARTE 27/03 Action 4647 Sarla la Caned	75,68	0,0	K	20251231		75,68	EUR
BQ1	Journal de trésorerie - CREDIT MUTUEL	61	20250328	5121001	Crédit Mutuel - CREDIT MUTUEL SUD OUEST			31F8DVO6VO	20250328	CARTE 27/03 Action 4647 Sarla la Caned	0,0	39,89				-39,89	EUR
BQ1	Journal de trésorerie - CREDIT MUTUEL	61	20250328	401	Fournisseurs	401ACTION	ACTION	31F8DVO6VO	20250328	CARTE 27/03 Action 4647 Sarla la Caned	39,89	0,0	K	20251231		39,89	EUR
HA	Journal d’achat	62	20250328	60111	ACHATS MAT 1RES TX REDUIT			S8YALMHNYH	20250328	Facture MARIE BLACHERE - VT2-365284	17,73	0,0				17,73	EUR
HA	Journal d’achat	62	20250328	401	Fournisseurs	401MARIE	MARIE BLACHERE	S8YALMHNYH	20250328	Facture MARIE BLACHERE - VT2-365284	0,0	18,75	V	20250329		-18,75	EUR
HA	Journal d’achat	62	20250328	44566	TVA sur autres biens et services			S8YALMHNYH	20250328	Facture MARIE BLACHERE - VT2-365284	1,02	0,0				1,02	EUR
BQ1	Journal de trésorerie - CREDIT MUTUEL	63	20250329	5121001	Crédit Mutuel - CREDIT MUTUEL SUD OUEST			IEV3XUDCD7	20250329	CARTE 28/03 475 SARLAT LA CA SARLAT LA CANE	0,0	4,0				-4,00	EUR
BQ1	Journal de trésorerie - CREDIT MUTUEL	63	20250329	401	Fournisseurs	401MANGEO	MANGEONS FRAIS	IEV3XUDCD7	20250329	CARTE 28/03 475 SARLAT LA CA SARLAT LA CANE	4,0	0,0	U	20250329		4,00	EUR
HA	Journal d’achat	64	20250329	6516	Droits d'auteur et de reproduction			15JI8L8TEX	20250329	Facture SPRE - 1524010298238	113,45	0,0				113,45	EUR
HA	Journal d’achat	64	20250329	401	Fournisseurs	401SPRE	SPRE	15JI8L8TEX	20250329	Facture SPRE - 1524010298238	0,0	130,47	W	20250528		-130,47	EUR
HA	Journal d’achat	64	20250329	44564	TVA déductible sur encaissements			15JI8L8TEX	20250329	Facture SPRE - 1524010298238	17,02	0,0	X	20250528		17,02	EUR
BQ1	Journal de trésorerie - CREDIT MUTUEL	65	20250329	5121001	Crédit Mutuel - CREDIT MUTUEL SUD OUEST			5LT8HOE5KC	20250329	CARTE 28/03 Action 4647 Sarla la Caned	0,0	52,21				-52,21	EUR
BQ1	Journal de trésorerie - CREDIT MUTUEL	65	20250329	401	Fournisseurs	401ACTION	ACTION	5LT8HOE5KC	20250329	CARTE 28/03 Action 4647 Sarla la Caned	52,21	0,0	K	20251231		52,21	EUR
BQ1	Journal de trésorerie - CREDIT MUTUEL	66	20250329	5121001	Crédit Mutuel - CREDIT MUTUEL SUD OUEST			1NYHAB8ABY	20250329	CARTE 28/03 MARIE BLACHERE SARLAT LA CANE	0,0	18,75				-18,75	EUR
BQ1	Journal de trésorerie - CREDIT MUTUEL	66	20250329	401	Fournisseurs	401MARIE	MARIE BLACHERE	1NYHAB8ABY	20250329	CARTE 28/03 MARIE BLACHERE SARLAT LA CANE	18,75	0,0	V	20250329		18,75	EUR
BQ1	Journal de trésorerie - CREDIT MUTUEL	67	20250401	5121001	Crédit Mutuel - CREDIT MUTUEL SUD OUEST			IKNWGAIF2F	20250401	COMM. D'ENGAGEMENT TRIM 01	0,0	1,22				-1,22	EUR
BQ1	Journal de trésorerie - CREDIT MUTUEL	67	20250401	6270000003	Services bancaires et assimilés (Pas de TVA)			IKNWGAIF2F	20250401	COMM. D'ENGAGEMENT TRIM 01	1,22	0,0				1,22	EUR
BQ1	Journal de trésorerie - CREDIT MUTUEL	68	20250401	5121001	Crédit Mutuel - CREDIT MUTUEL SUD OUEST			6JCKDGYQTY	20250401	COMM. DE MOUVEMENT TRIM 01	0,0	1,94				-1,94	EUR
BQ1	Journal de trésorerie - CREDIT MUTUEL	68	20250401	6270000003	Services bancaires et assimilés (Pas de TVA)			6JCKDGYQTY	20250401	COMM. DE MOUVEMENT TRIM 01	1,94	0,0				1,94	EUR
VT	Journal de vente	69	20250401	7013000006	VENTES 5.5% (TVA 5.5%)			3TSUK0P8TO	20250401	Facture LE PIGEONNIER CLUB 24 - FA2025-04-01	0,0	6051,18				-6051,18	EUR
VT	Journal de vente	69	20250401	411	Clients	411100003	LE PIGEONNIER CLUB 24	3TSUK0P8TO	20250401	Facture LE PIGEONNIER CLUB 24 - FA2025-04-01	6383,99	0,0	Y	20250522		6383,99	EUR
VT	Journal de vente	69	20250401	44571006	TVA collectée à 5.5%			3TSUK0P8TO	20250401	Facture LE PIGEONNIER CLUB 24 - FA2025-04-01	0,0	332,81				-332,81	EUR
BQ1	Journal de trésorerie - CREDIT MUTUEL	70	20250402	5121001	Crédit Mutuel - CREDIT MUTUEL SUD OUEST			ZBEMI6H7OA	20250402	COTISATION EUROCOMPTE PRO	0,0	25,86				-25,86	EUR
BQ1	Journal de trésorerie - CREDIT MUTUEL	70	20250402	627	Services bancaires et assimilés			ZBEMI6H7OA	20250402	COTISATION EUROCOMPTE PRO	25,86	0,0				25,86	EUR
BQ1	Journal de trésorerie - CREDIT MUTUEL	71	20250403	5121001	Crédit Mutuel - CREDIT MUTUEL SUD OUEST			HCPMDQUQXH	20250403	VIR GUY MARIEL	0,0	1800,0				-1800,00	EUR
BQ1	Journal de trésorerie - CREDIT MUTUEL	71	20250403	6132	Locations immobilières			HCPMDQUQXH	20250403	VIR GUY MARIEL	1800,0	0,0				1800,00	EUR
HA	Journal d’achat	72	20250404	6063000009	Fournitures d'entretien et de petit équipement (TVA 20%)			6SUFMIK78Y	20250404	Facture SARL CLOUP - 003048320	45,82	0,0				45,82	EUR
HA	Journal d’achat	72	20250404	401	Fournisseurs	401100023	SARL CLOUP	6SUFMIK78Y	20250404	Facture SARL CLOUP - 003048320	0,0	54,99	Z	20250405		-54,99	EUR
HA	Journal d’achat	72	20250404	44566	TVA sur autres biens et services			6SUFMIK78Y	20250404	Facture SARL CLOUP - 003048320	9,17	0,0				9,17	EUR
HA	Journal d’achat	73	20250404	6063000009	Fournitures d'entretien et de petit équipement (TVA 20%)			J2CPOG7T5F	20250404	Facture ACTION FRANCE - 464710290004458	53,93	0,0				53,93	EUR
HA	Journal d’achat	73	20250404	401	Fournisseurs	401100021	ACTION FRANCE	J2CPOG7T5F	20250404	Facture ACTION FRANCE - 464710290004458	0,0	64,72	BA	20250404		-64,72	EUR
HA	Journal d’achat	73	20250404	44566	TVA sur autres biens et services			J2CPOG7T5F	20250404	Facture ACTION FRANCE - 464710290004458	10,79	0,0				10,79	EUR
HA	Journal d’achat	74	20250404	6257	Réceptions			JBFPFQWQFL	20250404	Facture Restaurants - TICK000316305	28,23	0,0				28,23	EUR
HA	Journal d’achat	74	20250404	401	Fournisseurs	401100003	Restaurants	JBFPFQWQFL	20250404	Facture Restaurants - TICK000316305	0,0	30,4	BB	20250407		-30,40	EUR
HA	Journal d’achat	74	20250404	44566	TVA sur autres biens et services			JBFPFQWQFL	20250404	Facture Restaurants - TICK000316305	2,17	0,0				2,17	EUR
BQ1	Journal de trésorerie - CREDIT MUTUEL	75	20250404	5121001	Crédit Mutuel - CREDIT MUTUEL SUD OUEST			MDNWWU2BLE	20250404	VIR sacem	0,0	108,99				-108,99	EUR
BQ1	Journal de trésorerie - CREDIT MUTUEL	75	20250404	401	Fournisseurs	401SACEM	SACEM	MDNWWU2BLE	20250404	VIR sacem	108,99	0,0	G	20250404		108,99	EUR
RT	Journal des récupération de TVA	76	20250404	44564	TVA déductible sur encaissements			O13IPWLCBC	20250404	VIR sacem	0,0	9,81	H	20250404		-9,81	EUR
RT	Journal des récupération de TVA	76	20250404	44566	TVA sur autres biens et services			O13IPWLCBC	20250404	VIR sacem	9,81	0,0				9,81	EUR
OD	Journal des opérations diverses	77	20250404	401	Fournisseurs	401100021	ACTION FRANCE	DP7IIBQTVW	20250404	règlement espèce	64,72	0,0	BA	20250404		64,72	EUR
OD	Journal des opérations diverses	77	20250404	530	Caisse			DP7IIBQTVW	20250404	règlement espèce	0,0	64,72				-64,72	EUR
BQ1	Journal de trésorerie - CREDIT MUTUEL	78	20250405	5121001	Crédit Mutuel - CREDIT MUTUEL SUD OUEST			RTCYTJNLGP	20250405	CARTE 04/04 CLOUP SARLAT LA	0,0	54,99				-54,99	EUR
BQ1	Journal de trésorerie - CREDIT MUTUEL	78	20250405	401	Fournisseurs	401100023	SARL CLOUP	RTCYTJNLGP	20250405	CARTE 04/04 CLOUP SARLAT LA	54,99	0,0	Z	20250405		54,99	EUR
BQ1	Journal de trésorerie - CREDIT MUTUEL	79	20250405	5121001	Crédit Mutuel - CREDIT MUTUEL SUD OUEST			CHNOWJ2EWH	20250405	CARTE 04/04 Action 464 Sarla la	0,0	64,72				-64,72	EUR
BQ1	Journal de trésorerie - CREDIT MUTUEL	79	20250405	401	Fournisseurs	401ACTION	ACTION	CHNOWJ2EWH	20250405	CARTE 04/04 Action 464 Sarla la	64,72	0,0	K	20251231		64,72	EUR
BQ1	Journal de trésorerie - CREDIT MUTUEL	80	20250407	5121001	Crédit Mutuel - CREDIT MUTUEL SUD OUEST			JESJQBLODT	20250407	CARTE 04/04 SNC DA SIL SARLAT LA	0,0	30,4				-30,40	EUR
BQ1	Journal de trésorerie - CREDIT MUTUEL	80	20250407	401	Fournisseurs	401100003	Restaurants	JESJQBLODT	20250407	CARTE 04/04 SNC DA SIL SARLAT LA	30,4	0,0	BB	20250407		30,40	EUR
BQ1	Journal de trésorerie - CREDIT MUTUEL	81	20250407	5121001	Crédit Mutuel - CREDIT MUTUEL SUD OUEST			PY1SU4XDJM	20250407	PRLV NOVELIA	0,0	116,83				-116,83	EUR
BQ1	Journal de trésorerie - CREDIT MUTUEL	81	20250407	401	Fournisseurs	401100025	ASU GROUPE TVA KEREIS	PY1SU4XDJM	20250407	PRLV NOVELIA	116,83	0,0				116,83	EUR
RT	Journal des récupération de TVA	82	20250407	44564	TVA déductible sur encaissements			FEX6600RHI	20250407	PRLV NOVELIA	0,0	0,09				-0,09	EUR
RT	Journal des récupération de TVA	82	20250407	44566	TVA sur autres biens et services			FEX6600RHI	20250407	PRLV NOVELIA	0,09	0,0				0,09	EUR
BQ1	Journal de trésorerie - CREDIT MUTUEL	83	20250407	5121001	Crédit Mutuel - CREDIT MUTUEL SUD OUEST			BA69OVG97G	20250407	CARTE 04/04 LA POSTE 2 SARLAT	0,0	5,73				-5,73	EUR
BQ1	Journal de trésorerie - CREDIT MUTUEL	83	20250407	6261	Frais postaux			BA69OVG97G	20250407	CARTE 04/04 LA POSTE 2 SARLAT	5,73	0,0				5,73	EUR
BQ1	Journal de trésorerie - CREDIT MUTUEL	84	20250408	5121001	Crédit Mutuel - CREDIT MUTUEL SUD OUEST			LP0FV1UFHF	20250408	CASIER 10 LIVRAISON BRINK'S	0,0	173,0				-173,00	EUR
BQ1	Journal de trésorerie - CREDIT MUTUEL	84	20250408	530	Caisse			LP0FV1UFHF	20250408	CASIER 10 LIVRAISON BRINK'S	173,0	0,0				173,00	EUR
BQ1	Journal de trésorerie - CREDIT MUTUEL	85	20250408	5121001	Crédit Mutuel - CREDIT MUTUEL SUD OUEST			FZCUQGWCFI	20250408	CASIER 10 LIVRAISON BRINK'S	0,0	100,0				-100,00	EUR
BQ1	Journal de trésorerie - CREDIT MUTUEL	85	20250408	530	Caisse			FZCUQGWCFI	20250408	CASIER 10 LIVRAISON BRINK'S	100,0	0,0				100,00	EUR
HA	Journal d’achat	86	20250408	4096	Fournisseurs - Créances pour emballages et matériel à rendre			AIZPRJ2RDX	20250408	Facture LES 3 CAVES - 11-20250400670	235,0	0,0				235,00	EUR
HA	Journal d’achat	86	20250408	401	Fournisseurs	4013CAVES	LES 3 CAVES	AIZPRJ2RDX	20250408	Facture LES 3 CAVES - 11-20250400670	0,0	1010,61	D	20251010		-1010,61	EUR
HA	Journal d’achat	86	20250408	60111	ACHATS MAT 1RES TX REDUIT			AIZPRJ2RDX	20250408	Facture LES 3 CAVES - 11-20250400670	654,34	0,0				654,34	EUR
HA	Journal d’achat	86	20250408	44566	TVA sur autres biens et services			AIZPRJ2RDX	20250408	Facture LES 3 CAVES - 11-20250400670	121,27	0,0				121,27	EUR
HA	Journal d’achat	87	20250408	4096	Fournisseurs - Créances pour emballages et matériel à rendre			IKLCWKSEMR	20250408	Avoir LES 3 CAVES - 0000427304	0,0	30,0				-30,00	EUR
HA	Journal d’achat	87	20250408	401	Fournisseurs	4013CAVES	LES 3 CAVES	IKLCWKSEMR	20250408	Avoir LES 3 CAVES - 0000427304	30,0	0,0	D	20251010		30,00	EUR
OD	Journal des opérations diverses	88	20250409	401	Fournisseurs	401CARREF	CARREFOUR	JXFKW48TGR	20250409	Règlement espèce	153,63	0,0	BC	20250412		153,63	EUR
OD	Journal des opérations diverses	88	20250409	530	Caisse			JXFKW48TGR	20250409	Règlement espèce	0,0	153,63				-153,63	EUR
HA	Journal d’achat	89	20250409	6011100006	ACHATS MAT 1RES TX REDUIT (TVA 5.5%)			2OMBJGO5TC	20250409	Facture CARREFOUR - 001949	213,17	0,0				213,17	EUR
HA	Journal d’achat	89	20250409	401	Fournisseurs	401CARREF	CARREFOUR	2OMBJGO5TC	20250409	Facture CARREFOUR - 001949	0,0	528,33	BD	20250410		-528,33	EUR
HA	Journal d’achat	89	20250409	44566	TVA sur autres biens et services			2OMBJGO5TC	20250409	Facture CARREFOUR - 001949	66,37	0,0				66,37	EUR
HA	Journal d’achat	89	20250409	6011300009	ACHATS MAT 1RES TX NORMAL (TVA 20%)			2OMBJGO5TC	20250409	Facture CARREFOUR - 001949	272,38	0,0				272,38	EUR
HA	Journal d’achat	89	20250409	6011100008	ACHATS MAT 1RES TX REDUIT (TVA 10%)			2OMBJGO5TC	20250409	Facture CARREFOUR - 001949	1,81	0,0				1,81	EUR
HA	Journal d’achat	89	20250409	6011100003	ACHATS MAT 1RES TX REDUIT (Pas de TVA)			2OMBJGO5TC	20250409	Facture CARREFOUR - 001949	0,0	25,4				-25,40	EUR
HA	Journal d’achat	90	20250410	6011100006	ACHATS MAT 1RES TX REDUIT (TVA 5.5%)			AWSNBML7YO	20250410	Facture SYSCO FRANCE SAS - 1249765367	65,72	0,0				65,72	EUR
HA	Journal d’achat	90	20250410	401	Fournisseurs	401100015	SYSCO FRANCE SAS	AWSNBML7YO	20250410	Facture SYSCO FRANCE SAS - 1249765367	0,0	69,33	BE	20250505		-69,33	EUR
HA	Journal d’achat	90	20250410	44566	TVA sur autres biens et services			AWSNBML7YO	20250410	Facture SYSCO FRANCE SAS - 1249765367	3,61	0,0				3,61	EUR
HA	Journal d’achat	91	20250410	6011100006	ACHATS MAT 1RES TX REDUIT (TVA 5.5%)			MHKXJ4NIZW	20250410	Facture SYSCO FRANCE SAS - 1249765366	327,69	0,0				327,69	EUR
HA	Journal d’achat	91	20250410	401	Fournisseurs	401100015	SYSCO FRANCE SAS	MHKXJ4NIZW	20250410	Facture SYSCO FRANCE SAS - 1249765366	0,0	345,71	BE	20250505		-345,71	EUR
HA	Journal d’achat	91	20250410	44566	TVA sur autres biens et services			MHKXJ4NIZW	20250410	Facture SYSCO FRANCE SAS - 1249765366	18,02	0,0				18,02	EUR
BQ1	Journal de trésorerie - CREDIT MUTUEL	92	20250410	5121001	Crédit Mutuel - CREDIT MUTUEL SUD OUEST			EDZWQX5D2V	20250410	CARTE 09/04 CARREFOURM SARLAT LA	0,0	528,33				-528,33	EUR
BQ1	Journal de trésorerie - CREDIT MUTUEL	92	20250410	401	Fournisseurs	401CARREF	CARREFOUR	EDZWQX5D2V	20250410	CARTE 09/04 CARREFOURM SARLAT LA	528,33	0,0	BD	20250410		528,33	EUR
HA	Journal d’achat	93	20250411	6063000009	Fournitures d'entretien et de petit équipement (TVA 20%)			AWPG6D63SL	20250411	Facture ACTION FRANCE - 464710290004568	43,37	0,0				43,37	EUR
HA	Journal d’achat	93	20250411	401	Fournisseurs	401100021	ACTION FRANCE	AWPG6D63SL	20250411	Facture ACTION FRANCE - 464710290004568	0,0	52,05	BF	20250411		-52,05	EUR
HA	Journal d’achat	93	20250411	44566	TVA sur autres biens et services			AWPG6D63SL	20250411	Facture ACTION FRANCE - 464710290004568	8,68	0,0				8,68	EUR
OD	Journal des opérations diverses	94	20250411	401	Fournisseurs	401MANGEO	MANGEONS FRAIS	CJWZBDCHBD	20250411	règlement espèce	76,44	0,0	BG	20250411		76,44	EUR
OD	Journal des opérations diverses	94	20250411	530	Caisse			CJWZBDCHBD	20250411	règlement espèce	0,0	76,44				-76,44	EUR
OD	Journal des opérations diverses	95	20250411	401	Fournisseurs	401100021	ACTION FRANCE	I9RAURF7P1	20250411	Règlement espèce	52,05	0,0	BF	20250411		52,05	EUR
OD	Journal des opérations diverses	95	20250411	530	Caisse			I9RAURF7P1	20250411	Règlement espèce	0,0	52,05				-52,05	EUR
HA	Journal d’achat	96	20250411	6011100006	ACHATS MAT 1RES TX REDUIT (TVA 5.5%)			BCENZPIHOK	20250411	Facture MANGEONS FRAIS - 003	72,45	0,0				72,45	EUR
HA	Journal d’achat	96	20250411	401	Fournisseurs	401MANGEO	MANGEONS FRAIS	BCENZPIHOK	20250411	Facture MANGEONS FRAIS - 003	0,0	76,44	BG	20250411		-76,44	EUR
HA	Journal d’achat	96	20250411	44566	TVA sur autres biens et services			BCENZPIHOK	20250411	Facture MANGEONS FRAIS - 003	3,99	0,0				3,99	EUR
HA	Journal d’achat	97	20250412	6011100006	ACHATS MAT 1RES TX REDUIT (TVA 5.5%)			CJJ3PAMWBY	20250412	Facture CARREFOUR - 14427758085950	139,06	0,0				139,06	EUR
HA	Journal d’achat	97	20250412	401	Fournisseurs	401CARREF	CARREFOUR	CJJ3PAMWBY	20250412	Facture CARREFOUR - 14427758085950	0,0	153,63	BC	20250412		-153,63	EUR
HA	Journal d’achat	97	20250412	44566	TVA sur autres biens et services			CJJ3PAMWBY	20250412	Facture CARREFOUR - 14427758085950	9,26	0,0				9,26	EUR
HA	Journal d’achat	97	20250412	6011300009	ACHATS MAT 1RES TX NORMAL (TVA 20%)			CJJ3PAMWBY	20250412	Facture CARREFOUR - 14427758085950	8,21	0,0				8,21	EUR
HA	Journal d’achat	97	20250412	6011100003	ACHATS MAT 1RES TX REDUIT (Pas de TVA)			CJJ3PAMWBY	20250412	Facture CARREFOUR - 14427758085950	0,0	2,9				-2,90	EUR
BQ1	Journal de trésorerie - CREDIT MUTUEL	98	20250414	5121001	Crédit Mutuel - CREDIT MUTUEL SUD OUEST			E79UDCUR2L	20250414	VIR COOPERATIVE COLLEGE PRIVE	2500,0	0,0				2500,00	EUR
BQ1	Journal de trésorerie - CREDIT MUTUEL	98	20250414	411	Clients	411100003	LE PIGEONNIER CLUB 24	E79UDCUR2L	20250414	VIR COOPERATIVE COLLEGE PRIVE	0,0	2500,0	Y	20250522		-2500,00	EUR
BQ1	Journal de trésorerie - CREDIT MUTUEL	99	20250414	5121001	Crédit Mutuel - CREDIT MUTUEL SUD OUEST			HKMYH1IL8V	20250414	VIR PAYPAL PTE. LTD.	894,73	0,0				894,73	EUR
BQ1	Journal de trésorerie - CREDIT MUTUEL	99	20250414	530	Caisse			HKMYH1IL8V	20250414	VIR PAYPAL PTE. LTD.	0,0	894,73				-894,73	EUR
HA	Journal d’achat	100	20250415	6226100009	HONORAIRES COMPTABLES (TVA 20%)			DYVLPVTJ9T	20250415	Facture LATUDE EXPERTISE & CONSEIL - F-2025-0429	250,0	0,0				250,00	EUR
HA	Journal d’achat	100	20250415	401	Fournisseurs	401100018	LATUDE EXPERTISE & CONSEIL	DYVLPVTJ9T	20250415	Facture LATUDE EXPERTISE & CONSEIL - F-2025-0429	0,0	300,0	BH	20250604		-300,00	EUR
HA	Journal d’achat	100	20250415	4456400009	TVA déductible sur encaissements (TVA 20%)			DYVLPVTJ9T	20250415	Facture LATUDE EXPERTISE & CONSEIL - F-2025-0429	50,0	0,0	BI	20250604		50,00	EUR
HA	Journal d’achat	101	20250419	6011100006	ACHATS MAT 1RES TX REDUIT (TVA 5.5%)			KQXB4OZ6TM	20250419	Facture SYSCO FRANCE SAS - 1249866796	248,87	0,0				248,87	EUR
HA	Journal d’achat	101	20250419	401	Fournisseurs	401100015	SYSCO FRANCE SAS	KQXB4OZ6TM	20250419	Facture SYSCO FRANCE SAS - 1249866796	0,0	262,56	BJ	20250515		-262,56	EUR
HA	Journal d’achat	101	20250419	44566	TVA sur autres biens et services			KQXB4OZ6TM	20250419	Facture SYSCO FRANCE SAS - 1249866796	13,69	0,0				13,69	EUR
HA	Journal d’achat	102	20250421	6011300009	ACHATS MAT 1RES TX NORMAL (TVA 20%)			AZDAB0GKBA	20250421	Facture CARREFOUR - 14427758086025	35,82	0,0				35,82	EUR
HA	Journal d’achat	102	20250421	401	Fournisseurs	401CARREF	CARREFOUR	AZDAB0GKBA	20250421	Facture CARREFOUR - 14427758086025	0,0	62,77	BK	20250422		-62,77	EUR
HA	Journal d’achat	102	20250421	44566	TVA sur autres biens et services			AZDAB0GKBA	20250421	Facture CARREFOUR - 14427758086025	8,45	0,0				8,45	EUR
HA	Journal d’achat	102	20250421	6011100006	ACHATS MAT 1RES TX REDUIT (TVA 5.5%)			AZDAB0GKBA	20250421	Facture CARREFOUR - 14427758086025	22,72	0,0				22,72	EUR
HA	Journal d’achat	102	20250421	6011100003	ACHATS MAT 1RES TX REDUIT (Pas de TVA)			AZDAB0GKBA	20250421	Facture CARREFOUR - 14427758086025	0,0	4,22				-4,22	EUR
BQ1	Journal de trésorerie - CREDIT MUTUEL	103	20250422	5121001	Crédit Mutuel - CREDIT MUTUEL SUD OUEST			DSKLQBCML6	20250422	CARTE 21/04 CARREFOURM SARLAT LA	0,0	62,77				-62,77	EUR
BQ1	Journal de trésorerie - CREDIT MUTUEL	103	20250422	401	Fournisseurs	401CARREF	CARREFOUR	DSKLQBCML6	20250422	CARTE 21/04 CARREFOURM SARLAT LA	62,77	0,0	BK	20250422		62,77	EUR
BQ1	Journal de trésorerie - CREDIT MUTUEL	104	20250422	5121001	Crédit Mutuel - CREDIT MUTUEL SUD OUEST			QTIB02CCS4	20250422	VIR PAYPAL PTE. LTD.	126,34	0,0				126,34	EUR
BQ1	Journal de trésorerie - CREDIT MUTUEL	104	20250422	530	Caisse			QTIB02CCS4	20250422	VIR PAYPAL PTE. LTD.	0,0	126,34				-126,34	EUR
BQ1	Journal de trésorerie - CREDIT MUTUEL	105	20250425	5121001	Crédit Mutuel - CREDIT MUTUEL SUD OUEST			ZQNVGLZFXW	20250425	VIR de LABICHE MYLENE / NOCU...	1300,0	0,0				1300,00	EUR
BQ1	Journal de trésorerie - CREDIT MUTUEL	105	20250425	108	Compte de l'exploitant			ZQNVGLZFXW	20250425	VIR de LABICHE MYLENE / NOCU...	0,0	1300,0				-1300,00	EUR
BQ1	Journal de trésorerie - CREDIT MUTUEL	106	20250426	5121001	Crédit Mutuel - CREDIT MUTUEL SUD OUEST			FVDCTTJ390	20250426	CARTE 25/04 ADELINE LA SARLAT LA	0,0	171,97				-171,97	EUR
BQ1	Journal de trésorerie - CREDIT MUTUEL	106	20250426	618	Divers			FVDCTTJ390	20250426	CARTE 25/04 ADELINE LA SARLAT LA	171,97	0,0				171,97	EUR
HA	Journal d’achat	107	20250428	60111	ACHATS MAT 1RES TX REDUIT			UDJ5QAAY5D	20250428	Facture CARREFOUR - 14427758084093	98,04	0,0				98,04	EUR
HA	Journal d’achat	107	20250428	401	Fournisseurs	401CARREF	CARREFOUR	UDJ5QAAY5D	20250428	Facture CARREFOUR - 14427758084093	0,0	106,87	BL	20251231		-106,87	EUR
HA	Journal d’achat	107	20250428	44566	TVA sur autres biens et services			UDJ5QAAY5D	20250428	Facture CARREFOUR - 14427758084093	8,83	0,0				8,83	EUR
HA	Journal d’achat	108	20250428	6011100006	ACHATS MAT 1RES TX REDUIT (TVA 5.5%)			EICPMSXK7I	20250428	Facture CARREFOUR - NO 1442775808607	87,64	0,0				87,64	EUR
HA	Journal d’achat	108	20250428	401	Fournisseurs	401CARREF	CARREFOUR	EICPMSXK7I	20250428	Facture CARREFOUR - NO 1442775808607	0,0	126,89	BM	20250429		-126,89	EUR
HA	Journal d’achat	108	20250428	44566	TVA sur autres biens et services			EICPMSXK7I	20250428	Facture CARREFOUR - NO 1442775808607	12,03	0,0				12,03	EUR
HA	Journal d’achat	108	20250428	6011300009	ACHATS MAT 1RES TX NORMAL (TVA 20%)			EICPMSXK7I	20250428	Facture CARREFOUR - NO 1442775808607	36,18	0,0				36,18	EUR
HA	Journal d’achat	108	20250428	6011100003	ACHATS MAT 1RES TX REDUIT (Pas de TVA)			EICPMSXK7I	20250428	Facture CARREFOUR - NO 1442775808607	0,0	8,96				-8,96	EUR
BQ1	Journal de trésorerie - CREDIT MUTUEL	109	20250429	5121001	Crédit Mutuel - CREDIT MUTUEL SUD OUEST			9MUTZXF9VS	20250429	CARTE 28/04 ESSOR SARL SARLAT LA	0,0	69,0				-69,00	EUR
BQ1	Journal de trésorerie - CREDIT MUTUEL	109	20250429	618	Divers			9MUTZXF9VS	20250429	CARTE 28/04 ESSOR SARL SARLAT LA	69,0	0,0				69,00	EUR
BQ1	Journal de trésorerie - CREDIT MUTUEL	110	20250429	5121001	Crédit Mutuel - CREDIT MUTUEL SUD OUEST			LEPHCISCHN	20250429	CARTE 28/04 CARREFOURM SARLAT LA	0,0	80,58				-80,58	EUR
BQ1	Journal de trésorerie - CREDIT MUTUEL	110	20250429	401	Fournisseurs	401CARREF	CARREFOUR	LEPHCISCHN	20250429	CARTE 28/04 CARREFOURM SARLAT LA	80,58	0,0	BL	20251231		80,58	EUR
BQ1	Journal de trésorerie - CREDIT MUTUEL	111	20250429	5121001	Crédit Mutuel - CREDIT MUTUEL SUD OUEST			3AAS27PGVI	20250429	CARTE 28/04 CARREFOURM SARLAT LA	0,0	126,89				-126,89	EUR
BQ1	Journal de trésorerie - CREDIT MUTUEL	111	20250429	401	Fournisseurs	401CARREF	CARREFOUR	3AAS27PGVI	20250429	CARTE 28/04 CARREFOURM SARLAT LA	126,89	0,0	BM	20250429		126,89	EUR
PA	Journal de Paie	112	20250430	6411	Salaires, appointements			TLLZTYDL2B	20250430	SALAIRE LABICHE 04/2025	1805,76	0,0				1805,76	EUR
PA	Journal de Paie	112	20250430	6451	Cotisations à l'Urssaf			TLLZTYDL2B	20250430	SALAIRE LABICHE 04/2025	22,14	0,0				22,14	EUR
PA	Journal de Paie	112	20250430	6453	Cotisations aux caisses de retraites			TLLZTYDL2B	20250430	SALAIRE LABICHE 04/2025	35,02	0,0				35,02	EUR
PA	Journal de Paie	112	20250430	6452	Cotisations aux mutuelles			TLLZTYDL2B	20250430	SALAIRE LABICHE 04/2025	34,65	0,0				34,65	EUR
PA	Journal de Paie	112	20250430	421	PERSONNEL REMUNERAT DUES			TLLZTYDL2B	20250430	SALAIRE LABICHE 04/2025	0,0	1377,33				-1377,33	EUR
PA	Journal de Paie	112	20250430	431	Sécurité sociale			TLLZTYDL2B	20250430	SALAIRE LABICHE 04/2025	0,0	520,24	BN	20250715		-520,24	EUR
HA	Journal d’achat	113	20250430	60111	ACHATS MAT 1RES TX REDUIT			0NQNR7OUHQ	20250430	Facture INTERMARCHE - :51200216776	73,56	0,0				73,56	EUR
HA	Journal d’achat	113	20250430	401	Fournisseurs	401INTERM	INTERMARCHE	0NQNR7OUHQ	20250430	Facture INTERMARCHE - :51200216776	0,0	79,57	BO	20250502		-79,57	EUR
HA	Journal d’achat	113	20250430	44566	TVA sur autres biens et services			0NQNR7OUHQ	20250430	Facture INTERMARCHE - :51200216776	6,01	0,0				6,01	EUR
BQ1	Journal de trésorerie - CREDIT MUTUEL	114	20250501	5121001	Crédit Mutuel - CREDIT MUTUEL SUD OUEST			SGQAMUVRWV	20250501	CARTE 01/05 CDC SUN7 SARLAT LA CANE	0,0	18,0				-18,00	EUR
BQ1	Journal de trésorerie - CREDIT MUTUEL	114	20250501	618	Divers			SGQAMUVRWV	20250501	CARTE 01/05 CDC SUN7 SARLAT LA CANE	18,0	0,0				18,00	EUR
BQ1	Journal de trésorerie - CREDIT MUTUEL	115	20250501	5121001	Crédit Mutuel - CREDIT MUTUEL SUD OUEST			VIHM2TFUBA	20250501	CARTE 01/05 CDC SUN7 SARLAT LA CANE	0,0	9,0				-9,00	EUR
BQ1	Journal de trésorerie - CREDIT MUTUEL	115	20250501	618	Divers			VIHM2TFUBA	20250501	CARTE 01/05 CDC SUN7 SARLAT LA CANE	9,0	0,0				9,00	EUR
BQ1	Journal de trésorerie - CREDIT MUTUEL	116	20250501	5121001	Crédit Mutuel - CREDIT MUTUEL SUD OUEST			QLQ2EVPR5S	20250501	CARTE 01/05 CDC SUN7 SARLAT LA CANE	0,0	9,0				-9,00	EUR
BQ1	Journal de trésorerie - CREDIT MUTUEL	116	20250501	618	Divers			QLQ2EVPR5S	20250501	CARTE 01/05 CDC SUN7 SARLAT LA CANE	9,0	0,0				9,00	EUR
BQ1	Journal de trésorerie - CREDIT MUTUEL	117	20250502	5121001	Crédit Mutuel - CREDIT MUTUEL SUD OUEST			OOXDET1BBB	20250502	CARTE 01/05 FERME DES ROUMEV SAINT CREPIN E MCC 0763 COOPERATIVES AGRICOL 5137340061134529000	0,0	29,37				-29,37	EUR
BQ1	Journal de trésorerie - CREDIT MUTUEL	117	20250502	618	Divers			OOXDET1BBB	20250502	CARTE 01/05 FERME DES ROUMEV SAINT CREPIN E MCC 0763 COOPERATIVES AGRICOL 5137340061134529000	29,37	0,0				29,37	EUR
BQ1	Journal de trésorerie - CREDIT MUTUEL	118	20250502	5121001	Crédit Mutuel - CREDIT MUTUEL SUD OUEST			DBLTHZLZCN	20250502	CARTE 30/04 INTERMARCHE SALIGNAC EYVIG MCC 5331 SUPERMARCHES 5137340061134529000	0,0	79,57				-79,57	EUR
BQ1	Journal de trésorerie - CREDIT MUTUEL	118	20250502	401	Fournisseurs	401INTERM	INTERMARCHE	DBLTHZLZCN	20250502	CARTE 30/04 INTERMARCHE SALIGNAC EYVIG MCC 5331 SUPERMARCHES 5137340061134529000	79,57	0,0	BO	20250502		79,57	EUR
HA	Journal d’achat	119	20250502	6011300009	ACHATS MAT 1RES TX NORMAL (TVA 20%)			GGT0WWTXEM	20250502	Facture CARREFOUR - 14427758086127	20,6	0,0				20,60	EUR
HA	Journal d’achat	119	20250502	401	Fournisseurs	401CARREF	CARREFOUR	GGT0WWTXEM	20250502	Facture CARREFOUR - 14427758086127	0,0	202,0	BP	20250503		-202,00	EUR
HA	Journal d’achat	119	20250502	44566	TVA sur autres biens et services			GGT0WWTXEM	20250502	Facture CARREFOUR - 14427758086127	13,44	0,0				13,44	EUR
HA	Journal d’achat	119	20250502	6011100006	ACHATS MAT 1RES TX REDUIT (TVA 5.5%)			GGT0WWTXEM	20250502	Facture CARREFOUR - 14427758086127	169,37	0,0				169,37	EUR
HA	Journal d’achat	119	20250502	6011100003	ACHATS MAT 1RES TX REDUIT (Pas de TVA)			GGT0WWTXEM	20250502	Facture CARREFOUR - 14427758086127	0,0	1,41				-1,41	EUR
BQ1	Journal de trésorerie - CREDIT MUTUEL	120	20250502	5121001	Crédit Mutuel - CREDIT MUTUEL SUD OUEST			KXSVOVDXQZ	20250502	VIR PAYPAL PTE. LTD. DUFAYS ROMAIN 239250214 2512206812080569	369,91	0,0				369,91	EUR
BQ1	Journal de trésorerie - CREDIT MUTUEL	120	20250502	530	Caisse			KXSVOVDXQZ	20250502	VIR PAYPAL PTE. LTD. DUFAYS ROMAIN 239250214 2512206812080569	0,0	369,91				-369,91	EUR
BQ1	Journal de trésorerie - CREDIT MUTUEL	121	20250502	5121001	Crédit Mutuel - CREDIT MUTUEL SUD OUEST			G5O9TBNJBS	20250502	LOCATION PRO SOLUTION INETGRALE	0,0	12,0				-12,00	EUR
BQ1	Journal de trésorerie - CREDIT MUTUEL	121	20250502	6135	Locations mobilières			G5O9TBNJBS	20250502	LOCATION PRO SOLUTION INETGRALE	12,0	0,0				12,00	EUR
HA	Journal d’achat	122	20250503	4096	Fournisseurs - Créances pour emballages et matériel à rendre			WMMYASSHZX	20250503	Facture LES 3 CAVES - DUPLICATA FAC 11-20250500214	30,0	0,0				30,00	EUR
HA	Journal d’achat	122	20250503	401	Fournisseurs	4013CAVES	LES 3 CAVES	WMMYASSHZX	20250503	Facture LES 3 CAVES - DUPLICATA FAC 11-20250500214	0,0	139,32	D	20251010		-139,32	EUR
HA	Journal d’achat	122	20250503	6011300009	ACHATS MAT 1RES TX NORMAL (TVA 20%)			WMMYASSHZX	20250503	Facture LES 3 CAVES - DUPLICATA FAC 11-20250500214	91,1	0,0				91,10	EUR
HA	Journal d’achat	122	20250503	44566	TVA sur autres biens et services			WMMYASSHZX	20250503	Facture LES 3 CAVES - DUPLICATA FAC 11-20250500214	18,22	0,0				18,22	EUR
HA	Journal d’achat	123	20250503	60111	ACHATS MAT 1RES TX REDUIT			JI8V19TWKS	20250503	Facture SYSCO FRANCE SAS - 1250003173	578,15	0,0				578,15	EUR
HA	Journal d’achat	123	20250503	401	Fournisseurs	401100015	SYSCO FRANCE SAS	JI8V19TWKS	20250503	Facture SYSCO FRANCE SAS - 1250003173	0,0	610,3	BQ	20250602		-610,30	EUR
HA	Journal d’achat	123	20250503	44566	TVA sur autres biens et services			JI8V19TWKS	20250503	Facture SYSCO FRANCE SAS - 1250003173	32,15	0,0				32,15	EUR
BQ1	Journal de trésorerie - CREDIT MUTUEL	124	20250503	5121001	Crédit Mutuel - CREDIT MUTUEL SUD OUEST			XXWCYQHCRL	20250503	CARTE 02/05 CARREFOURMARKET SARLAT LA CANE MCC 5411 HYPERMARCHES 5137340061134529000	0,0	202,0				-202,00	EUR
BQ1	Journal de trésorerie - CREDIT MUTUEL	124	20250503	401	Fournisseurs	401CARREF	CARREFOUR	XXWCYQHCRL	20250503	CARTE 02/05 CARREFOURMARKET SARLAT LA CANE MCC 5411 HYPERMARCHES 5137340061134529000	202,0	0,0	BP	20250503		202,00	EUR
HA	Journal d’achat	125	20250505	6226100009	HONORAIRES COMPTABLES (TVA 20%)			KUGUNUAPYA	20250505	Facture LATUDE EXPERTISE & CONSEIL - F-2025-0545	250,0	0,0				250,00	EUR
HA	Journal d’achat	125	20250505	401	Fournisseurs	401100018	LATUDE EXPERTISE & CONSEIL	KUGUNUAPYA	20250505	Facture LATUDE EXPERTISE & CONSEIL - F-2025-0545	0,0	300,0	BR	20250611		-300,00	EUR
HA	Journal d’achat	125	20250505	4456400009	TVA déductible sur encaissements (TVA 20%)			KUGUNUAPYA	20250505	Facture LATUDE EXPERTISE & CONSEIL - F-2025-0545	50,0	0,0	BS	20250611		50,00	EUR
BQ1	Journal de trésorerie - CREDIT MUTUEL	126	20250505	5121001	Crédit Mutuel - CREDIT MUTUEL SUD OUEST			MONBCJXEHR	20250505	PRLV NOVELIA AVP NOVELIA 2512205397770313 AVP NOVELIA 10099834 2512205397770313	0,0	110,33				-110,33	EUR
BQ1	Journal de trésorerie - CREDIT MUTUEL	126	20250505	401	Fournisseurs	401100025	ASU GROUPE TVA KEREIS	MONBCJXEHR	20250505	PRLV NOVELIA AVP NOVELIA 2512205397770313 AVP NOVELIA 10099834 2512205397770313	110,33	0,0				110,33	EUR
RT	Journal des récupération de TVA	127	20250505	44564	TVA déductible sur encaissements			U1ELEFQ2ZG	20250505	PRLV NOVELIA AVP NOVELIA 2512205397770313 AVP NOVELIA 10099834 2512205397770313	0,0	0,09				-0,09	EUR
RT	Journal des récupération de TVA	127	20250505	44566	TVA sur autres biens et services			U1ELEFQ2ZG	20250505	PRLV NOVELIA AVP NOVELIA 2512205397770313 AVP NOVELIA 10099834 2512205397770313	0,09	0,0				0,09	EUR
BQ1	Journal de trésorerie - CREDIT MUTUEL	128	20250505	5121001	Crédit Mutuel - CREDIT MUTUEL SUD OUEST			FWVYG7VXLH	20250505	VIR GUY MARIEL NOCUS TOMY MICHEL SYLVAIN 2512513330270001	0,0	1800,0				-1800,00	EUR
BQ1	Journal de trésorerie - CREDIT MUTUEL	128	20250505	6132	Locations immobilières			FWVYG7VXLH	20250505	VIR GUY MARIEL NOCUS TOMY MICHEL SYLVAIN 2512513330270001	1800,0	0,0				1800,00	EUR
BQ1	Journal de trésorerie - CREDIT MUTUEL	129	20250505	5121001	Crédit Mutuel - CREDIT MUTUEL SUD OUEST			W6JE0MYD4B	20250505	CARTE 03/05 CARREFOURMARKET SARLAT LA CANE MCC 5411 HYPERMARCHES 5137340061134529000	0,0	178,4				-178,40	EUR
BQ1	Journal de trésorerie - CREDIT MUTUEL	129	20250505	401	Fournisseurs	401CARREF	CARREFOUR	W6JE0MYD4B	20250505	CARTE 03/05 CARREFOURMARKET SARLAT LA CANE MCC 5411 HYPERMARCHES 5137340061134529000	178,4	0,0	I	20251231		178,40	EUR
BQ1	Journal de trésorerie - CREDIT MUTUEL	130	20250505	5121001	Crédit Mutuel - CREDIT MUTUEL SUD OUEST			0VAB0RQ5EI	20250505	VIR LABICHE MYLENE NOCUS TOMY MICHEL SYLVAIN 2512513325410001	0,0	1200,0				-1200,00	EUR
BQ1	Journal de trésorerie - CREDIT MUTUEL	130	20250505	421	PERSONNEL REMUNERAT DUES			0VAB0RQ5EI	20250505	VIR LABICHE MYLENE NOCUS TOMY MICHEL SYLVAIN 2512513325410001	1200,0	0,0				1200,00	EUR
BQ1	Journal de trésorerie - CREDIT MUTUEL	131	20250505	5121001	Crédit Mutuel - CREDIT MUTUEL SUD OUEST			NK5X6GPRDO	20250505	PRLV Sysco France SAS /INV/1249765366 10.4.2025/INV/12 2511895439500804 /INV/1249765366 10.4.2025/INV/1249765367 10.4.2025 1501465409 2511895439500804	0,0	415,04				-415,04	EUR
BQ1	Journal de trésorerie - CREDIT MUTUEL	131	20250505	401	Fournisseurs	401100015	SYSCO FRANCE SAS	NK5X6GPRDO	20250505	PRLV Sysco France SAS /INV/1249765366 10.4.2025/INV/12 2511895439500804 /INV/1249765366 10.4.2025/INV/1249765367 10.4.2025 1501465409 2511895439500804	415,04	0,0	BE	20250505		415,04	EUR
BQ1	Journal de trésorerie - CREDIT MUTUEL	132	20250505	5121001	Crédit Mutuel - CREDIT MUTUEL SUD OUEST			G0D1WXXG62	20250505	VIR PAYPAL PTE. LTD. DUFAYS ROMAIN 239366379 2512512623130899	464,51	0,0				464,51	EUR
BQ1	Journal de trésorerie - CREDIT MUTUEL	132	20250505	530	Caisse			G0D1WXXG62	20250505	VIR PAYPAL PTE. LTD. DUFAYS ROMAIN 239366379 2512512623130899	0,0	464,51				-464,51	EUR
BQ1	Journal de trésorerie - CREDIT MUTUEL	133	20250506	5121001	Crédit Mutuel - CREDIT MUTUEL SUD OUEST			ZDWYHHRH5D	20250506	CARTE 04/05 INTER GREECE 94 24 SARLAT-LA-C MCC 5542 POMPES A ESSENCE AUT 5137340061134529000	0,0	22,0				-22,00	EUR
BQ1	Journal de trésorerie - CREDIT MUTUEL	133	20250506	401	Fournisseurs	401INTERM	INTERMARCHE	ZDWYHHRH5D	20250506	CARTE 04/05 INTER GREECE 94 24 SARLAT-LA-C MCC 5542 POMPES A ESSENCE AUT 5137340061134529000	22,0	0,0	J	20251231		22,00	EUR
HA	Journal d’achat	134	20250506	4096	Fournisseurs - Créances pour emballages et matériel à rendre			92PWZDDDPA	20250506	Facture LES 3 CAVES - DUPLICATA FAC 11-20250500240	30,0	0,0	BT	20250509		30,00	EUR
HA	Journal d’achat	134	20250506	401	Fournisseurs	4013CAVES	LES 3 CAVES	92PWZDDDPA	20250506	Facture LES 3 CAVES - DUPLICATA FAC 11-20250500240	0,0	168,79	D	20251010		-168,79	EUR
HA	Journal d’achat	134	20250506	6011300009	ACHATS MAT 1RES TX NORMAL (TVA 20%)			92PWZDDDPA	20250506	Facture LES 3 CAVES - DUPLICATA FAC 11-20250500240	115,66	0,0				115,66	EUR
HA	Journal d’achat	134	20250506	44566	TVA sur autres biens et services			92PWZDDDPA	20250506	Facture LES 3 CAVES - DUPLICATA FAC 11-20250500240	23,13	0,0				23,13	EUR
BQ1	Journal de trésorerie - CREDIT MUTUEL	135	20250506	5121001	Crédit Mutuel - CREDIT MUTUEL SUD OUEST			KAFKWHVVFQ	20250506	VIR PAYPAL PTE. LTD. DUFAYS ROMAIN 239455808 2512616309130851	81,25	0,0				81,25	EUR
BQ1	Journal de trésorerie - CREDIT MUTUEL	135	20250506	530	Caisse			KAFKWHVVFQ	20250506	VIR PAYPAL PTE. LTD. DUFAYS ROMAIN 239455808 2512616309130851	0,0	81,25				-81,25	EUR
HA	Journal d’achat	136	20250507	4096	Fournisseurs - Créances pour emballages et matériel à rendre			UPFPR0ZUUS	20250507	Avoir LES 3 CAVES - DUPLICATA FAC 11-20250500617	0,0	90,0	BT	20250509		-90,00	EUR
HA	Journal d’achat	136	20250507	401	Fournisseurs	4013CAVES	LES 3 CAVES	UPFPR0ZUUS	20250507	Avoir LES 3 CAVES - DUPLICATA FAC 11-20250500617	143,39	0,0	D	20251010		143,39	EUR
HA	Journal d’achat	136	20250507	6011100006	ACHATS MAT 1RES TX REDUIT (TVA 5.5%)			UPFPR0ZUUS	20250507	Avoir LES 3 CAVES - DUPLICATA FAC 11-20250500617	0,0	50,61				-50,61	EUR
HA	Journal d’achat	136	20250507	44566	TVA sur autres biens et services			UPFPR0ZUUS	20250507	Avoir LES 3 CAVES - DUPLICATA FAC 11-20250500617	0,0	2,78				-2,78	EUR
HA	Journal d’achat	137	20250509	60111	ACHATS MAT 1RES TX REDUIT			UX6Q5LBWA5	20250509	Facture PROMOCASH - 267969	211,8	0,0				211,80	EUR
HA	Journal d’achat	137	20250509	401	Fournisseurs	401PROMOC	PROMOCASH	UX6Q5LBWA5	20250509	Facture PROMOCASH - 267969	0,0	239,33	BU	20250510		-239,33	EUR
HA	Journal d’achat	137	20250509	44566	TVA sur autres biens et services			UX6Q5LBWA5	20250509	Facture PROMOCASH - 267969	27,53	0,0				27,53	EUR
BQ1	Journal de trésorerie - CREDIT MUTUEL	138	20250509	5121001	Crédit Mutuel - CREDIT MUTUEL SUD OUEST			6AS1LSDS7K	20250509	VRST 12023275 NOCUS TOMY MICHEL	840,0	0,0				840,00	EUR
BQ1	Journal de trésorerie - CREDIT MUTUEL	138	20250509	530	Caisse			6AS1LSDS7K	20250509	VRST 12023275 NOCUS TOMY MICHEL	0,0	840,0				-840,00	EUR
HA	Journal d’achat	139	20250509	4096	Fournisseurs - Créances pour emballages et matériel à rendre			Z9RZ39FIXX	20250509	Facture LES 3 CAVES - 11-20250500857	60,0	0,0	BT	20250509		60,00	EUR
HA	Journal d’achat	139	20250509	401	Fournisseurs	4013CAVES	LES 3 CAVES	Z9RZ39FIXX	20250509	Facture LES 3 CAVES - 11-20250500857	0,0	271,64	D	20251010		-271,64	EUR
HA	Journal d’achat	139	20250509	6011300009	ACHATS MAT 1RES TX NORMAL (TVA 20%)			Z9RZ39FIXX	20250509	Facture LES 3 CAVES - 11-20250500857	176,37	0,0				176,37	EUR
HA	Journal d’achat	139	20250509	44566	TVA sur autres biens et services			Z9RZ39FIXX	20250509	Facture LES 3 CAVES - 11-20250500857	35,27	0,0				35,27	EUR
BQ1	Journal de trésorerie - CREDIT MUTUEL	140	20250509	5121001	Crédit Mutuel - CREDIT MUTUEL SUD OUEST			W1IORDUEEZ	20250509	VIR PAYPAL PTE. LTD. DUFAYS ROMAIN 239753742 2512923388310543	28,3	0,0				28,30	EUR
BQ1	Journal de trésorerie - CREDIT MUTUEL	140	20250509	530	Caisse			W1IORDUEEZ	20250509	VIR PAYPAL PTE. LTD. DUFAYS ROMAIN 239753742 2512923388310543	0,0	28,3				-28,30	EUR
BQ1	Journal de trésorerie - CREDIT MUTUEL	141	20250510	5121001	Crédit Mutuel - CREDIT MUTUEL SUD OUEST			8ODJGBSJUU	20250510	CARTE 09/05 PROMOCASH SARLAT LA CANE MCC 5411 HYPERMARCHES 5137340061134529000	0,0	239,33				-239,33	EUR
BQ1	Journal de trésorerie - CREDIT MUTUEL	141	20250510	401	Fournisseurs	401PROMOC	PROMOCASH	8ODJGBSJUU	20250510	CARTE 09/05 PROMOCASH SARLAT LA CANE MCC 5411 HYPERMARCHES 5137340061134529000	239,33	0,0	BU	20250510		239,33	EUR
BQ1	Journal de trésorerie - CREDIT MUTUEL	142	20250510	5121001	Crédit Mutuel - CREDIT MUTUEL SUD OUEST			J7NOPTMKUF	20250510	CARTE 09/05 LA HALLE CREPINO SAINT CREPIN E MCC 5331 SUPERMARCHES 5137340061134529000	0,0	11,47				-11,47	EUR
BQ1	Journal de trésorerie - CREDIT MUTUEL	142	20250510	401	Fournisseurs	401HALLE	LA HALLE CREPINOISE	J7NOPTMKUF	20250510	CARTE 09/05 LA HALLE CREPINO SAINT CREPIN E MCC 5331 SUPERMARCHES 5137340061134529000	11,47	0,0	R	20251231		11,47	EUR
BQ1	Journal de trésorerie - CREDIT MUTUEL	143	20250510	5121001	Crédit Mutuel - CREDIT MUTUEL SUD OUEST			F49V3MEEUV	20250510	CARTE 09/05 LA HALLE CREPINO SAINT CREPIN E MCC 5331 SUPERMARCHES 5137340061134529000	0,0	13,2				-13,20	EUR
BQ1	Journal de trésorerie - CREDIT MUTUEL	143	20250510	401	Fournisseurs	401HALLE	LA HALLE CREPINOISE	F49V3MEEUV	20250510	CARTE 09/05 LA HALLE CREPINO SAINT CREPIN E MCC 5331 SUPERMARCHES 5137340061134529000	13,2	0,0	R	20251231		13,20	EUR
HA	Journal d’achat	144	20250512	60111	ACHATS MAT 1RES TX REDUIT			HGET4KEC1V	20250512	Facture CARREFOUR - 00027	589,74	0,0				589,74	EUR
HA	Journal d’achat	144	20250512	401	Fournisseurs	401CARREF	CARREFOUR	HGET4KEC1V	20250512	Facture CARREFOUR - 00027	0,0	622,18	BV	20250513		-622,18	EUR
HA	Journal d’achat	144	20250512	44566	TVA sur autres biens et services			HGET4KEC1V	20250512	Facture CARREFOUR - 00027	32,44	0,0				32,44	EUR
BQ1	Journal de trésorerie - CREDIT MUTUEL	145	20250512	5121001	Crédit Mutuel - CREDIT MUTUEL SUD OUEST			MAYQWOYY6Q	20250512	COTISATION EUROCOMPTE PRO	0,0	29,46				-29,46	EUR
BQ1	Journal de trésorerie - CREDIT MUTUEL	145	20250512	627	Services bancaires et assimilés			MAYQWOYY6Q	20250512	COTISATION EUROCOMPTE PRO	29,46	0,0				29,46	EUR
BQ1	Journal de trésorerie - CREDIT MUTUEL	146	20250512	5121001	Crédit Mutuel - CREDIT MUTUEL SUD OUEST			C2DISKYIMU	20250512	FRAIS D'ETUDE	0,0	50,0				-50,00	EUR
BQ1	Journal de trésorerie - CREDIT MUTUEL	146	20250512	627	Services bancaires et assimilés			C2DISKYIMU	20250512	FRAIS D'ETUDE	50,0	0,0				50,00	EUR
BQ1	Journal de trésorerie - CREDIT MUTUEL	147	20250512	5121001	Crédit Mutuel - CREDIT MUTUEL SUD OUEST			YN30IL3QR5	20250512	CARTE 10/05 LA HALLE CREPINO SAINT CREPIN E MCC 5331 SUPERMARCHES 5137340061134529000	0,0	15,6				-15,60	EUR
BQ1	Journal de trésorerie - CREDIT MUTUEL	147	20250512	401	Fournisseurs	401HALLE	LA HALLE CREPINOISE	YN30IL3QR5	20250512	CARTE 10/05 LA HALLE CREPINO SAINT CREPIN E MCC 5331 SUPERMARCHES 5137340061134529000	15,6	0,0	R	20251231		15,60	EUR
BQ1	Journal de trésorerie - CREDIT MUTUEL	148	20250512	5121001	Crédit Mutuel - CREDIT MUTUEL SUD OUEST			4RGKVQ4VHR	20250512	CARTE 11/05 LA HALLE CREPINO SAINT CREPIN E MCC 5331 SUPERMARCHES 5137340061134529000	0,0	13,2				-13,20	EUR
BQ1	Journal de trésorerie - CREDIT MUTUEL	148	20250512	401	Fournisseurs	401HALLE	LA HALLE CREPINOISE	4RGKVQ4VHR	20250512	CARTE 11/05 LA HALLE CREPINO SAINT CREPIN E MCC 5331 SUPERMARCHES 5137340061134529000	13,2	0,0	R	20251231		13,20	EUR
HA	Journal d’achat	149	20250512	6011100006	ACHATS MAT 1RES TX REDUIT (TVA 5.5%)			YLLCTR8V58	20250512	Facture LA HALLE CREPINOISE - 4-00017428	42,36	0,0				42,36	EUR
HA	Journal d’achat	149	20250512	401	Fournisseurs	401HALLE	LA HALLE CREPINOISE	YLLCTR8V58	20250512	Facture LA HALLE CREPINOISE - 4-00017428	0,0	44,69	BW	20250513		-44,69	EUR
HA	Journal d’achat	149	20250512	44566	TVA sur autres biens et services			YLLCTR8V58	20250512	Facture LA HALLE CREPINOISE - 4-00017428	2,33	0,0				2,33	EUR
BQ1	Journal de trésorerie - CREDIT MUTUEL	150	20250512	5121001	Crédit Mutuel - CREDIT MUTUEL SUD OUEST			NDZDYSNGNX	20250512	VIR PAYPAL PTE. LTD. DUFAYS ROMAIN 239886508 2513227837370917	187,16	0,0				187,16	EUR
BQ1	Journal de trésorerie - CREDIT MUTUEL	150	20250512	530	Caisse			NDZDYSNGNX	20250512	VIR PAYPAL PTE. LTD. DUFAYS ROMAIN 239886508 2513227837370917	0,0	187,16				-187,16	EUR
BQ1	Journal de trésorerie - CREDIT MUTUEL	151	20250513	5121001	Crédit Mutuel - CREDIT MUTUEL SUD OUEST			SSAF7G2SW8	20250513	CARTE 12/05 CARREFOURMARKET SARLAT LA CANE MCC 5411 HYPERMARCHES 5137340061134529000	0,0	622,18				-622,18	EUR
BQ1	Journal de trésorerie - CREDIT MUTUEL	151	20250513	401	Fournisseurs	401CARREF	CARREFOUR	SSAF7G2SW8	20250513	CARTE 12/05 CARREFOURMARKET SARLAT LA CANE MCC 5411 HYPERMARCHES 5137340061134529000	622,18	0,0	BV	20250513		622,18	EUR
BQ1	Journal de trésorerie - CREDIT MUTUEL	152	20250513	5121001	Crédit Mutuel - CREDIT MUTUEL SUD OUEST			NSMZEBQGXI	20250513	VIR SARL LE PIGEONNIER Retrocession repas motards Cattin 2513329954850581	744,0	0,0				744,00	EUR
BQ1	Journal de trésorerie - CREDIT MUTUEL	152	20250513	530	Caisse			NSMZEBQGXI	20250513	VIR SARL LE PIGEONNIER Retrocession repas motards Cattin 2513329954850581	0,0	744,0				-744,00	EUR
HA	Journal d’achat	153	20250513	60111	ACHATS MAT 1RES TX REDUIT			RYVZPBTDWO	20250513	Facture SYSCO FRANCE SAS - 1250107727	129,0	0,0				129,00	EUR
HA	Journal d’achat	153	20250513	401	Fournisseurs	401100015	SYSCO FRANCE SAS	RYVZPBTDWO	20250513	Facture SYSCO FRANCE SAS - 1250107727	0,0	136,46	BQ	20250602		-136,46	EUR
HA	Journal d’achat	153	20250513	44566	TVA sur autres biens et services			RYVZPBTDWO	20250513	Facture SYSCO FRANCE SAS - 1250107727	7,46	0,0				7,46	EUR
BQ1	Journal de trésorerie - CREDIT MUTUEL	154	20250513	5121001	Crédit Mutuel - CREDIT MUTUEL SUD OUEST			PFAJOREEJT	20250513	CARTE 12/05 LA HALLE CREPINO SAINT CREPIN E MCC 5331 SUPERMARCHES 5137340061134529000	0,0	44,69				-44,69	EUR
BQ1	Journal de trésorerie - CREDIT MUTUEL	154	20250513	401	Fournisseurs	401HALLE	LA HALLE CREPINOISE	PFAJOREEJT	20250513	CARTE 12/05 LA HALLE CREPINO SAINT CREPIN E MCC 5331 SUPERMARCHES 5137340061134529000	44,69	0,0	BW	20250513		44,69	EUR
HA	Journal d’achat	155	20250513	60111	ACHATS MAT 1RES TX REDUIT			EI2GBHGAZP	20250513	Facture CARREFOUR - 14427758086220	25,84	0,0				25,84	EUR
HA	Journal d’achat	155	20250513	401	Fournisseurs	401CARREF	CARREFOUR	EI2GBHGAZP	20250513	Facture CARREFOUR - 14427758086220	0,0	27,98	BX	20250514		-27,98	EUR
HA	Journal d’achat	155	20250513	44566	TVA sur autres biens et services			EI2GBHGAZP	20250513	Facture CARREFOUR - 14427758086220	2,14	0,0				2,14	EUR
OD	Journal des opérations diverses	156	20250514	401	Fournisseurs	401HALLE	LA HALLE CREPINOISE	8N8WRFTXTG	20250514	règlement espèce	29,08	0,0	BY	20250514		29,08	EUR
OD	Journal des opérations diverses	156	20250514	530	Caisse			8N8WRFTXTG	20250514	règlement espèce	0,0	29,08				-29,08	EUR
BQ1	Journal de trésorerie - CREDIT MUTUEL	157	20250514	5121001	Crédit Mutuel - CREDIT MUTUEL SUD OUEST			PZYJ1US0IL	20250514	VIR LABICHE MYLENE NOCUS TOMY MICHEL SYLVAIN 2513431820830001	0,0	200,0				-200,00	EUR
BQ1	Journal de trésorerie - CREDIT MUTUEL	157	20250514	108	Compte de l'exploitant			PZYJ1US0IL	20250514	VIR LABICHE MYLENE NOCUS TOMY MICHEL SYLVAIN 2513431820830001	200,0	0,0				200,00	EUR
BQ1	Journal de trésorerie - CREDIT MUTUEL	158	20250514	5121001	Crédit Mutuel - CREDIT MUTUEL SUD OUEST			QWH4IA26W5	20250514	CARTE 13/05 CARREFOURMARKET SARLAT LA CANE MCC 5411 HYPERMARCHES 5137340061134529000	0,0	27,98				-27,98	EUR
BQ1	Journal de trésorerie - CREDIT MUTUEL	158	20250514	401	Fournisseurs	401CARREF	CARREFOUR	QWH4IA26W5	20250514	CARTE 13/05 CARREFOURMARKET SARLAT LA CANE MCC 5411 HYPERMARCHES 5137340061134529000	27,98	0,0	BX	20250514		27,98	EUR
HA	Journal d’achat	159	20250514	6011100006	ACHATS MAT 1RES TX REDUIT (TVA 5.5%)			1LBS5NIBBJ	20250514	Facture LA HALLE CREPINOISE - 4-0017516	27,56	0,0				27,56	EUR
HA	Journal d’achat	159	20250514	401	Fournisseurs	401HALLE	LA HALLE CREPINOISE	1LBS5NIBBJ	20250514	Facture LA HALLE CREPINOISE - 4-0017516	0,0	29,08	BY	20250514		-29,08	EUR
HA	Journal d’achat	159	20250514	44566	TVA sur autres biens et services			1LBS5NIBBJ	20250514	Facture LA HALLE CREPINOISE - 4-0017516	1,52	0,0				1,52	EUR
BQ1	Journal de trésorerie - CREDIT MUTUEL	160	20250515	5121001	Crédit Mutuel - CREDIT MUTUEL SUD OUEST			O1NSF1DXSN	20250515	CARTE 14/05 LA HALLE CREPINO SAINT CREPIN E MCC 5331 SUPERMARCHES 5137340061134529000	0,0	29,08				-29,08	EUR
BQ1	Journal de trésorerie - CREDIT MUTUEL	160	20250515	401	Fournisseurs	401HALLE	LA HALLE CREPINOISE	O1NSF1DXSN	20250515	CARTE 14/05 LA HALLE CREPINO SAINT CREPIN E MCC 5331 SUPERMARCHES 5137340061134529000	29,08	0,0	R	20251231		29,08	EUR
BQ1	Journal de trésorerie - CREDIT MUTUEL	161	20250515	5121001	Crédit Mutuel - CREDIT MUTUEL SUD OUEST			2M89IWAKIW	20250515	CARTE 14/05 ALDI MARCHE 169 SARLAT LA CANE MCC 5411 HYPERMARCHES 5137340061134529000	0,0	62,5				-62,50	EUR
BQ1	Journal de trésorerie - CREDIT MUTUEL	161	20250515	401	Fournisseurs	401ALDI	ALDI	2M89IWAKIW	20250515	CARTE 14/05 ALDI MARCHE 169 SARLAT LA CANE MCC 5411 HYPERMARCHES 5137340061134529000	62,5	0,0	BZ	20250515		62,50	EUR
OD	Journal des opérations diverses	162	20250515	401	Fournisseurs	401ALDI	ALDI	QWKTDQMKWP	20250515	cca	0,0	62,5	BZ	20250515		-62,50	EUR
OD	Journal des opérations diverses	162	20250515	108	Compte de l'exploitant			QWKTDQMKWP	20250515	cca	62,5	0,0				62,50	EUR
BQ1	Journal de trésorerie - CREDIT MUTUEL	163	20250515	5121001	Crédit Mutuel - CREDIT MUTUEL SUD OUEST			1OZOIXL5F5	20250515	PRLV Sysco France SAS /INV/1249866796 19.4.2025 2512717677800987 /INV/1249866796 19.4.2025 1501506823 2512717677800987	0,0	262,56				-262,56	EUR
BQ1	Journal de trésorerie - CREDIT MUTUEL	163	20250515	401	Fournisseurs	401100015	SYSCO FRANCE SAS	1OZOIXL5F5	20250515	PRLV Sysco France SAS /INV/1249866796 19.4.2025 2512717677800987 /INV/1249866796 19.4.2025 1501506823 2512717677800987	262,56	0,0	BJ	20250515		262,56	EUR
HA	Journal d’achat	164	20250515	60111	ACHATS MAT 1RES TX REDUIT			FLK0MBP0VR	20250515	Facture LA HALLE CREPINOISE - 4-0001754	19,18	0,0				19,18	EUR
HA	Journal d’achat	164	20250515	401	Fournisseurs	401HALLE	LA HALLE CREPINOISE	FLK0MBP0VR	20250515	Facture LA HALLE CREPINOISE - 4-0001754	0,0	21,06	CA	20250516		-21,06	EUR
HA	Journal d’achat	164	20250515	44566	TVA sur autres biens et services			FLK0MBP0VR	20250515	Facture LA HALLE CREPINOISE - 4-0001754	1,88	0,0				1,88	EUR
HA	Journal d’achat	165	20250515	60111	ACHATS MAT 1RES TX REDUIT			MTC8A6GGIY	20250515	Facture CARREFOUR - 14427758086245	99,9	0,0				99,90	EUR
HA	Journal d’achat	165	20250515	401	Fournisseurs	401CARREF	CARREFOUR	MTC8A6GGIY	20250515	Facture CARREFOUR - 14427758086245	0,0	110,73	CB	20251231		-110,73	EUR
HA	Journal d’achat	165	20250515	44566	TVA sur autres biens et services			MTC8A6GGIY	20250515	Facture CARREFOUR - 14427758086245	10,83	0,0				10,83	EUR
BQ1	Journal de trésorerie - CREDIT MUTUEL	166	20250516	5121001	Crédit Mutuel - CREDIT MUTUEL SUD OUEST			NDHJTQWKR1	20250516	CARTE 15/05 LA HALLE CREPINO SAINT CREPIN E MCC 5331 SUPERMARCHES 5137340061134529000	0,0	21,06				-21,06	EUR
BQ1	Journal de trésorerie - CREDIT MUTUEL	166	20250516	401	Fournisseurs	401HALLE	LA HALLE CREPINOISE	NDHJTQWKR1	20250516	CARTE 15/05 LA HALLE CREPINO SAINT CREPIN E MCC 5331 SUPERMARCHES 5137340061134529000	21,06	0,0	CA	20250516		21,06	EUR
BQ1	Journal de trésorerie - CREDIT MUTUEL	167	20250516	5121001	Crédit Mutuel - CREDIT MUTUEL SUD OUEST			BPY62UY9HI	20250516	CARTE 15/05 CARREFOURMARKET SARLAT LA CANE MCC 5411 HYPERMARCHES 5137340061134529000	0,0	83,73				-83,73	EUR
BQ1	Journal de trésorerie - CREDIT MUTUEL	167	20250516	401	Fournisseurs	401CARREF	CARREFOUR	BPY62UY9HI	20250516	CARTE 15/05 CARREFOURMARKET SARLAT LA CANE MCC 5411 HYPERMARCHES 5137340061134529000	83,73	0,0	CB	20251231		83,73	EUR
BQ1	Journal de trésorerie - CREDIT MUTUEL	168	20250517	5121001	Crédit Mutuel - CREDIT MUTUEL SUD OUEST			MCTCC1R8J6	20250517	CARTE 16/05 INTER GREECE 59 24 SARLAT LA C MCC 5411 HYPERMARCHES 5137340061134529000	0,0	75,93				-75,93	EUR
BQ1	Journal de trésorerie - CREDIT MUTUEL	168	20250517	6062	Fournitures non stockables (carburant)			MCTCC1R8J6	20250517	CARTE 16/05 INTER GREECE 59 24 SARLAT LA C MCC 5411 HYPERMARCHES 5137340061134529000	75,93	0,0				75,93	EUR
BQ1	Journal de trésorerie - CREDIT MUTUEL	169	20250517	5121001	Crédit Mutuel - CREDIT MUTUEL SUD OUEST			BNHS5R7AIU	20250517	CARTE 16/05 Action 4647 Sarla la Caned MCC 5310 MAGASINS DE VENTE AU 5137340061134529000	0,0	195,41				-195,41	EUR
BQ1	Journal de trésorerie - CREDIT MUTUEL	169	20250517	401	Fournisseurs	401ACTION	ACTION	BNHS5R7AIU	20250517	CARTE 16/05 Action 4647 Sarla la Caned MCC 5310 MAGASINS DE VENTE AU 5137340061134529000	195,41	0,0	K	20251231		195,41	EUR
BQ1	Journal de trésorerie - CREDIT MUTUEL	170	20250517	5121001	Crédit Mutuel - CREDIT MUTUEL SUD OUEST			CCEVMH9QR1	20250517	CARTE 16/05 GIFI MAG 557 SARLAT LA CANE MCC 5251 QUINCAILLERIES 5137340061134529000	0,0	24,28				-24,28	EUR
BQ1	Journal de trésorerie - CREDIT MUTUEL	170	20250517	401	Fournisseurs	401GIFI	GIFI	CCEVMH9QR1	20250517	CARTE 16/05 GIFI MAG 557 SARLAT LA CANE MCC 5251 QUINCAILLERIES 5137340061134529000	24,28	0,0	CC	20250517		24,28	EUR
BQ1	Journal de trésorerie - CREDIT MUTUEL	171	20250517	5121001	Crédit Mutuel - CREDIT MUTUEL SUD OUEST			YXLLWTQKR0	20250517	VIR LABICHE MYLENE NOCUS TOMY MICHEL SYLVAIN 2513738883970001	0,0	300,0				-300,00	EUR
BQ1	Journal de trésorerie - CREDIT MUTUEL	171	20250517	108	Compte de l'exploitant			YXLLWTQKR0	20250517	VIR LABICHE MYLENE NOCUS TOMY MICHEL SYLVAIN 2513738883970001	300,0	0,0				300,00	EUR
OD	Journal des opérations diverses	172	20250517	401	Fournisseurs	401GIFI	GIFI	BI3QGKHRCA	20250517	cca	0,0	24,28	CC	20250517		-24,28	EUR
OD	Journal des opérations diverses	172	20250517	108	Compte de l'exploitant			BI3QGKHRCA	20250517	cca	24,28	0,0				24,28	EUR
BQ1	Journal de trésorerie - CREDIT MUTUEL	173	20250517	5121001	Crédit Mutuel - CREDIT MUTUEL SUD OUEST			3L3YUJJP58	20250517	CARTE 16/05 CARREFOURMARKET SARLAT LA CANE MCC 5411 HYPERMARCHES 5137340061134529000	0,0	22,77				-22,77	EUR
BQ1	Journal de trésorerie - CREDIT MUTUEL	173	20250517	401	Fournisseurs	401CARREF	CARREFOUR	3L3YUJJP58	20250517	CARTE 16/05 CARREFOURMARKET SARLAT LA CANE MCC 5411 HYPERMARCHES 5137340061134529000	22,77	0,0	CB	20251231		22,77	EUR
VT	Journal de vente	174	20250519	7070000008	Ventes de marchandises (TVA 10%)			YXS0EBTC9X	20250519	Facture Christophe (Motard) - F-2025-051	0,0	2931,25				-2931,25	EUR
VT	Journal de vente	174	20250519	411	Clients	411100002	Christophe (Motard)	YXS0EBTC9X	20250519	Facture Christophe (Motard) - F-2025-051	3224,38	0,0	CD	20250611		3224,38	EUR
VT	Journal de vente	174	20250519	44571008	TVA collectée à 10%			YXS0EBTC9X	20250519	Facture Christophe (Motard) - F-2025-051	0,0	293,13				-293,13	EUR
BQ1	Journal de trésorerie - CREDIT MUTUEL	175	20250519	5121001	Crédit Mutuel - CREDIT MUTUEL SUD OUEST			AHHFFHKS0I	20250519	CARTE 18/05 SC.TABOBINE.AUT PARIS MCC 7513 LOCATION DE CAMIONS/ 5137340061134529000	0,0	3,0				-3,00	EUR
BQ1	Journal de trésorerie - CREDIT MUTUEL	175	20250519	618	Divers			AHHFFHKS0I	20250519	CARTE 18/05 SC.TABOBINE.AUT PARIS MCC 7513 LOCATION DE CAMIONS/ 5137340061134529000	3,0	0,0				3,00	EUR
BQ1	Journal de trésorerie - CREDIT MUTUEL	176	20250519	5121001	Crédit Mutuel - CREDIT MUTUEL SUD OUEST			21ZJGV0JTB	20250519	CARTE 18/05 SC.TABOBINE.AUT PARIS MCC 7513 LOCATION DE CAMIONS/ 5137340061134529000	0,0	3,0				-3,00	EUR
BQ1	Journal de trésorerie - CREDIT MUTUEL	176	20250519	618	Divers			21ZJGV0JTB	20250519	CARTE 18/05 SC.TABOBINE.AUT PARIS MCC 7513 LOCATION DE CAMIONS/ 5137340061134529000	3,0	0,0				3,00	EUR
BQ1	Journal de trésorerie - CREDIT MUTUEL	177	20250519	5121001	Crédit Mutuel - CREDIT MUTUEL SUD OUEST			HOEI3DMV4Y	20250519	CARTE 18/05 BAR LA MAISON ME BORDEAUX MCC 5813 CAFES,BARS, BOITES D 5137340061134529000	0,0	20,0				-20,00	EUR
BQ1	Journal de trésorerie - CREDIT MUTUEL	177	20250519	108	Compte de l'exploitant			HOEI3DMV4Y	20250519	CARTE 18/05 BAR LA MAISON ME BORDEAUX MCC 5813 CAFES,BARS, BOITES D 5137340061134529000	20,0	0,0				20,00	EUR
BQ1	Journal de trésorerie - CREDIT MUTUEL	178	20250519	5121001	Crédit Mutuel - CREDIT MUTUEL SUD OUEST			K62HN1OP30	20250519	CARTE 18/05 LSP*LS IBOAT BORDEAUX MCC 5813 CAFES,BA EUR 30,00 5137340061134529000	0,0	30,0				-30,00	EUR
BQ1	Journal de trésorerie - CREDIT MUTUEL	178	20250519	108	Compte de l'exploitant			K62HN1OP30	20250519	CARTE 18/05 LSP*LS IBOAT BORDEAUX MCC 5813 CAFES,BA EUR 30,00 5137340061134529000	30,0	0,0				30,00	EUR
BQ1	Journal de trésorerie - CREDIT MUTUEL	179	20250519	5121001	Crédit Mutuel - CREDIT MUTUEL SUD OUEST			NRDNPTIPWK	20250519	CARTE 18/05 LSP*LS IBOAT BORDEAUX MCC 5813 CAFES,BA EUR 20,00 5137340061134529000	0,0	20,0				-20,00	EUR
BQ1	Journal de trésorerie - CREDIT MUTUEL	179	20250519	108	Compte de l'exploitant			NRDNPTIPWK	20250519	CARTE 18/05 LSP*LS IBOAT BORDEAUX MCC 5813 CAFES,BA EUR 20,00 5137340061134529000	20,0	0,0				20,00	EUR
BQ1	Journal de trésorerie - CREDIT MUTUEL	180	20250519	7580000003	Indemnités et autres produits (anciennement Produits divers de gestion courante) (Pas de TVA)			9BS6E21XCP	20250519	LCR S A S LES 3 CAVES	0,0	11,07				-11,07	EUR
BQ1	Journal de trésorerie - CREDIT MUTUEL	180	20250519	5121001	Crédit Mutuel - CREDIT MUTUEL SUD OUEST			9BS6E21XCP	20250519	LCR S A S LES 3 CAVES	0,0	128,25				-128,25	EUR
BQ1	Journal de trésorerie - CREDIT MUTUEL	180	20250519	401	Fournisseurs	4013CAVES	LES 3 CAVES	9BS6E21XCP	20250519	LCR S A S LES 3 CAVES	139,32	0,0	D	20251010		139,32	EUR
BQ1	Journal de trésorerie - CREDIT MUTUEL	181	20250519	5121001	Crédit Mutuel - CREDIT MUTUEL SUD OUEST			CZNNG1Y4JN	20250519	LCR S A S LES 3 CAVES	0,0	204,76				-204,76	EUR
BQ1	Journal de trésorerie - CREDIT MUTUEL	181	20250519	401	Fournisseurs	4013CAVES	LES 3 CAVES	CZNNG1Y4JN	20250519	LCR S A S LES 3 CAVES	25,4	0,0	D	20251010		25,40	EUR
BQ1	Journal de trésorerie - CREDIT MUTUEL	181	20250519	401	Fournisseurs	4013CAVES	LES 3 CAVES	CZNNG1Y4JN	20250519	LCR S A S LES 3 CAVES	179,36	0,0	D	20251010		179,36	EUR
HA	Journal d’achat	182	20250520	60111	ACHATS MAT 1RES TX REDUIT			YQ0KYWGIHP	20250520	Facture PROMOCASH - 269236	145,32	0,0				145,32	EUR
HA	Journal d’achat	182	20250520	401	Fournisseurs	401PROMOC	PROMOCASH	YQ0KYWGIHP	20250520	Facture PROMOCASH - 269236	0,0	154,82	CE	20250521		-154,82	EUR
HA	Journal d’achat	182	20250520	44566	TVA sur autres biens et services			YQ0KYWGIHP	20250520	Facture PROMOCASH - 269236	9,5	0,0				9,50	EUR
BQ1	Journal de trésorerie - CREDIT MUTUEL	183	20250520	5121001	Crédit Mutuel - CREDIT MUTUEL SUD OUEST			VJKJMJQKIP	20250520	CARTE 19/05 MP*CARREFOUR DAC SARLAT LA CANE MCC 5542 POMPES A ESSENCE AUT 5137340061134529000	0,0	30,31				-30,31	EUR
BQ1	Journal de trésorerie - CREDIT MUTUEL	183	20250520	401	Fournisseurs	401CARREF	CARREFOUR	VJKJMJQKIP	20250520	CARTE 19/05 MP*CARREFOUR DAC SARLAT LA CANE MCC 5542 POMPES A ESSENCE AUT 5137340061134529000	30,31	0,0	I	20251231		30,31	EUR
HA	Journal d’achat	184	20250520	60111	ACHATS MAT 1RES TX REDUIT			I4Z8GJXWAH	20250520	Facture CARREFOUR - 21	116,1	0,0				116,10	EUR
HA	Journal d’achat	184	20250520	401	Fournisseurs	401CARREF	CARREFOUR	I4Z8GJXWAH	20250520	Facture CARREFOUR - 21	0,0	128,08	CF	20250521		-128,08	EUR
HA	Journal d’achat	184	20250520	44566	TVA sur autres biens et services			I4Z8GJXWAH	20250520	Facture CARREFOUR - 21	11,98	0,0				11,98	EUR
BQ1	Journal de trésorerie - CREDIT MUTUEL	185	20250521	5121001	Crédit Mutuel - CREDIT MUTUEL SUD OUEST			8TNXKIIOEA	20250521	CARTE 20/05 PROMOCASH SARLAT LA CANE MCC 5411 HYPERMARCHES 5137340061134529000	0,0	243,23				-243,23	EUR
BQ1	Journal de trésorerie - CREDIT MUTUEL	185	20250521	401	Fournisseurs	401PROMOC	PROMOCASH	8TNXKIIOEA	20250521	CARTE 20/05 PROMOCASH SARLAT LA CANE MCC 5411 HYPERMARCHES 5137340061134529000	154,82	0,0	CE	20250521		154,82	EUR
BQ1	Journal de trésorerie - CREDIT MUTUEL	185	20250521	108	Compte de l'exploitant			8TNXKIIOEA	20250521	CARTE 20/05 PROMOCASH SARLAT LA CANE MCC 5411 HYPERMARCHES 5137340061134529000	88,41	0,0				88,41	EUR
BQ1	Journal de trésorerie - CREDIT MUTUEL	186	20250521	5121001	Crédit Mutuel - CREDIT MUTUEL SUD OUEST			EAJT8S3ZLB	20250521	CARTE 20/05 CARREFOURMARKET SARLAT LA CANE MCC 5411 HYPERMARCHES 5137340061134529000	0,0	128,08				-128,08	EUR
BQ1	Journal de trésorerie - CREDIT MUTUEL	186	20250521	401	Fournisseurs	401CARREF	CARREFOUR	EAJT8S3ZLB	20250521	CARTE 20/05 CARREFOURMARKET SARLAT LA CANE MCC 5411 HYPERMARCHES 5137340061134529000	128,08	0,0	CF	20250521		128,08	EUR
HA	Journal d’achat	187	20250521	6063	Fournitures d'entretien et de petit équipement			AICDDEG561	20250521	Facture ACTION - 003	78,29	0,0				78,29	EUR
HA	Journal d’achat	187	20250521	401	Fournisseurs	401ACTION	ACTION	AICDDEG561	20250521	Facture ACTION - 003	0,0	92,57	CG	20250522		-92,57	EUR
HA	Journal d’achat	187	20250521	44566	TVA sur autres biens et services			AICDDEG561	20250521	Facture ACTION - 003	14,28	0,0				14,28	EUR
HA	Journal d’achat	188	20250521	6063000009	Fournitures d'entretien et de petit équipement (TVA 20%)			HWWJGZJ2BQ	20250521	Facture D.G.HILL - 250521/46356	45,78	0,0				45,78	EUR
HA	Journal d’achat	188	20250521	401	Fournisseurs	401100019	D.G.HILL	HWWJGZJ2BQ	20250521	Facture D.G.HILL - 250521/46356	0,0	54,94	CH	20250522		-54,94	EUR
HA	Journal d’achat	188	20250521	44566	TVA sur autres biens et services			HWWJGZJ2BQ	20250521	Facture D.G.HILL - 250521/46356	9,16	0,0				9,16	EUR
HA	Journal d’achat	189	20250522	6257000008	Réceptions (TVA 10%)			HBJV1ROMCW	20250522	Facture Restaurants - #33	38,64	0,0				38,64	EUR
HA	Journal d’achat	189	20250522	401	Fournisseurs	401100003	Restaurants	HBJV1ROMCW	20250522	Facture Restaurants - #33	0,0	42,5	CI	20250523		-42,50	EUR
HA	Journal d’achat	189	20250522	44566	TVA sur autres biens et services			HBJV1ROMCW	20250522	Facture Restaurants - #33	3,86	0,0				3,86	EUR
HA	Journal d’achat	190	20250522	6063000009	Fournitures d'entretien et de petit équipement (TVA 20%)			0WSQE2BSJC	20250522	Facture DARTY - TICKET 6310	66,66	0,0				66,66	EUR
HA	Journal d’achat	190	20250522	401	Fournisseurs	401DARTY	DARTY	0WSQE2BSJC	20250522	Facture DARTY - TICKET 6310	0,0	79,99	CJ	20250523		-79,99	EUR
HA	Journal d’achat	190	20250522	44566	TVA sur autres biens et services			0WSQE2BSJC	20250522	Facture DARTY - TICKET 6310	13,33	0,0				13,33	EUR
BQ1	Journal de trésorerie - CREDIT MUTUEL	191	20250522	5121001	Crédit Mutuel - CREDIT MUTUEL SUD OUEST			QFJ36G6QDN	20250522	CARTE 21/05 NAZARI ALIMENTA SARLAT LA CANE MCC 5411 HYPERMARCHES 5137340061134529000	0,0	21,3				-21,30	EUR
BQ1	Journal de trésorerie - CREDIT MUTUEL	191	20250522	618	Divers			QFJ36G6QDN	20250522	CARTE 21/05 NAZARI ALIMENTA SARLAT LA CANE MCC 5411 HYPERMARCHES 5137340061134529000	21,3	0,0				21,30	EUR
BQ1	Journal de trésorerie - CREDIT MUTUEL	192	20250522	5121001	Crédit Mutuel - CREDIT MUTUEL SUD OUEST			BM63M0O5IE	20250522	CARTE 21/05 Action 4647 Sarla la Cane MCC 5310 MAGASINS EUR 92,57 5137340061134529000	0,0	92,57				-92,57	EUR
BQ1	Journal de trésorerie - CREDIT MUTUEL	192	20250522	401	Fournisseurs	401ACTION	ACTION	BM63M0O5IE	20250522	CARTE 21/05 Action 4647 Sarla la Cane MCC 5310 MAGASINS EUR 92,57 5137340061134529000	92,57	0,0	CG	20250522		92,57	EUR
BQ1	Journal de trésorerie - CREDIT MUTUEL	193	20250522	5121001	Crédit Mutuel - CREDIT MUTUEL SUD OUEST			NSWLK64OLC	20250522	CARTE 21/05 DG HILL JOUECLUB SARLAT LA CANE MCC 5200 VENTE D'EQUIPEMENT P 5137340061134529000	0,0	54,94				-54,94	EUR
BQ1	Journal de trésorerie - CREDIT MUTUEL	193	20250522	401	Fournisseurs	401100019	D.G.HILL	NSWLK64OLC	20250522	CARTE 21/05 DG HILL JOUECLUB SARLAT LA CANE MCC 5200 VENTE D'EQUIPEMENT P 5137340061134529000	54,94	0,0	CH	20250522		54,94	EUR
BQ1	Journal de trésorerie - CREDIT MUTUEL	194	20250522	5121001	Crédit Mutuel - CREDIT MUTUEL SUD OUEST			0T5PA2MWNN	20250522	VIR COOPERATIVE COLLEGE PRIVE RGLT RESTAURAT PIGEONNIER COLLEGE PRIVE 79250 NUEI L LES AUBIERS SEJOUR 12/5 AU 16/5 5eue 2514246998270900	3884,0	0,0				3884,00	EUR
BQ1	Journal de trésorerie - CREDIT MUTUEL	194	20250522	411	Clients	411100003	LE PIGEONNIER CLUB 24	0T5PA2MWNN	20250522	VIR COOPERATIVE COLLEGE PRIVE RGLT RESTAURAT PIGEONNIER COLLEGE PRIVE 79250 NUEI L LES AUBIERS SEJOUR 12/5 AU 16/5 5eue 2514246998270900	0,0	3883,99	Y	20250522		-3883,99	EUR
BQ1	Journal de trésorerie - CREDIT MUTUEL	194	20250522	7580000009	Indemnités et autres produits (anciennement Produits divers de gestion courante) (TVA 20%)			0T5PA2MWNN	20250522	VIR COOPERATIVE COLLEGE PRIVE RGLT RESTAURAT PIGEONNIER COLLEGE PRIVE 79250 NUEI L LES AUBIERS SEJOUR 12/5 AU 16/5 5eue 2514246998270900	0,0	0,01				-0,01	EUR
BQ1	Journal de trésorerie - CREDIT MUTUEL	195	20250523	5121001	Crédit Mutuel - CREDIT MUTUEL SUD OUEST			JEK0Z8EMDI	20250523	CARTE 22/05 CHACATON INVEST MONTIGNAC LASC MCC 8999 SERVICES PROFESSIONN 5137340061134529000	0,0	42,5				-42,50	EUR
BQ1	Journal de trésorerie - CREDIT MUTUEL	195	20250523	401	Fournisseurs	401100003	Restaurants	JEK0Z8EMDI	20250523	CARTE 22/05 CHACATON INVEST MONTIGNAC LASC MCC 8999 SERVICES PROFESSIONN 5137340061134529000	42,5	0,0	CI	20250523		42,50	EUR
BQ1	Journal de trésorerie - CREDIT MUTUEL	196	20250523	5121001	Crédit Mutuel - CREDIT MUTUEL SUD OUEST			V5MOWHYZ8Q	20250523	CARTE 22/05 DARTY SARLAT-LA-CANE MCC 5732 VENTE D'APPAREILS EL 5137340061134529000	0,0	79,99				-79,99	EUR
BQ1	Journal de trésorerie - CREDIT MUTUEL	196	20250523	401	Fournisseurs	401DARTY	DARTY	V5MOWHYZ8Q	20250523	CARTE 22/05 DARTY SARLAT-LA-CANE MCC 5732 VENTE D'APPAREILS EL 5137340061134529000	79,99	0,0	CJ	20250523		79,99	EUR
BQ1	Journal de trésorerie - CREDIT MUTUEL	197	20250524	5121001	Crédit Mutuel - CREDIT MUTUEL SUD OUEST			9YOZJG3XMO	20250524	CARTE 23/05 CARREFOURMARKET SARLAT LA CANE MCC 5411 HYPERMARCHES 5137340061134529000	0,0	63,9				-63,90	EUR
BQ1	Journal de trésorerie - CREDIT MUTUEL	197	20250524	401	Fournisseurs	401CARREF	CARREFOUR	9YOZJG3XMO	20250524	CARTE 23/05 CARREFOURMARKET SARLAT LA CANE MCC 5411 HYPERMARCHES 5137340061134529000	63,9	0,0	I	20251231		63,90	EUR
BQ1	Journal de trésorerie - CREDIT MUTUEL	198	20250524	5121001	Crédit Mutuel - CREDIT MUTUEL SUD OUEST			9VZSK4CC75	20250524	CARTE 23/05 MP*CARREFOUR DAC SARLAT LA CANE MCC 5542 POMPES A ESSENCE AUT 5137340061134529000	0,0	50,62				-50,62	EUR
BQ1	Journal de trésorerie - CREDIT MUTUEL	198	20250524	401	Fournisseurs	401CARREF	CARREFOUR	9VZSK4CC75	20250524	CARTE 23/05 MP*CARREFOUR DAC SARLAT LA CANE MCC 5542 POMPES A ESSENCE AUT 5137340061134529000	50,62	0,0	I	20251231		50,62	EUR
HA	Journal d’achat	199	20250525	6011100006	ACHATS MAT 1RES TX REDUIT (TVA 5.5%)			KPYSLOBT2W	20250525	Facture LA HALLE CREPINOISE - 4-00018064	9,67	0,0				9,67	EUR
HA	Journal d’achat	199	20250525	401	Fournisseurs	401HALLE	LA HALLE CREPINOISE	KPYSLOBT2W	20250525	Facture LA HALLE CREPINOISE - 4-00018064	0,0	10,2	CK	20250526		-10,20	EUR
HA	Journal d’achat	199	20250525	44566	TVA sur autres biens et services			KPYSLOBT2W	20250525	Facture LA HALLE CREPINOISE - 4-00018064	0,53	0,0				0,53	EUR
HA	Journal d’achat	200	20250525	60111	ACHATS MAT 1RES TX REDUIT			4NDZB0UOPS	20250525	Facture CARREFOUR - 004092	108,68	0,0				108,68	EUR
HA	Journal d’achat	200	20250525	401	Fournisseurs	401CARREF	CARREFOUR	4NDZB0UOPS	20250525	Facture CARREFOUR - 004092	0,0	116,79	CL	20250526		-116,79	EUR
HA	Journal d’achat	200	20250525	44566	TVA sur autres biens et services			4NDZB0UOPS	20250525	Facture CARREFOUR - 004092	8,11	0,0				8,11	EUR
BQ1	Journal de trésorerie - CREDIT MUTUEL	201	20250526	5121001	Crédit Mutuel - CREDIT MUTUEL SUD OUEST			HLQRIEMDIK	20250526	VIR INST ASSOC. LES AMIS GUZZI acompte facture F-2025-051 les amis guzzistes 25146IP1RT146478358	100,0	0,0				100,00	EUR
BQ1	Journal de trésorerie - CREDIT MUTUEL	201	20250526	411	Clients	411100002	Christophe (Motard)	HLQRIEMDIK	20250526	VIR INST ASSOC. LES AMIS GUZZI acompte facture F-2025-051 les amis guzzistes 25146IP1RT146478358	0,0	100,0	CM	20250707		-100,00	EUR
BQ1	Journal de trésorerie - CREDIT MUTUEL	202	20250526	5121001	Crédit Mutuel - CREDIT MUTUEL SUD OUEST			SR2GDL5GT2	20250526	CARTE 25/05 LA HALLE CREPINO SAINT CREPIN E MCC 5331 SUPERMARCHES 5137340061134529000	0,0	10,2				-10,20	EUR
BQ1	Journal de trésorerie - CREDIT MUTUEL	202	20250526	401	Fournisseurs	401HALLE	LA HALLE CREPINOISE	SR2GDL5GT2	20250526	CARTE 25/05 LA HALLE CREPINO SAINT CREPIN E MCC 5331 SUPERMARCHES 5137340061134529000	10,2	0,0	CK	20250526		10,20	EUR
BQ1	Journal de trésorerie - CREDIT MUTUEL	203	20250526	5121001	Crédit Mutuel - CREDIT MUTUEL SUD OUEST			XQB0FCTWN6	20250526	CARTE 25/05 CARREFOURMARKET SARLAT LA CANE MCC 5411 HYPERMARCHES 5137340061134529000	0,0	116,79				-116,79	EUR
BQ1	Journal de trésorerie - CREDIT MUTUEL	203	20250526	401	Fournisseurs	401CARREF	CARREFOUR	XQB0FCTWN6	20250526	CARTE 25/05 CARREFOURMARKET SARLAT LA CANE MCC 5411 HYPERMARCHES 5137340061134529000	116,79	0,0	CL	20250526		116,79	EUR
BQ1	Journal de trésorerie - CREDIT MUTUEL	204	20250526	5121001	Crédit Mutuel - CREDIT MUTUEL SUD OUEST			AV4LMGVIWY	20250526	VIR PAYPAL PTE. LTD. DUFAYS ROMAIN 240917252 2514653963780132	122,81	0,0				122,81	EUR
BQ1	Journal de trésorerie - CREDIT MUTUEL	204	20250526	530	Caisse			AV4LMGVIWY	20250526	VIR PAYPAL PTE. LTD. DUFAYS ROMAIN 240917252 2514653963780132	0,0	122,81				-122,81	EUR
BQ1	Journal de trésorerie - CREDIT MUTUEL	205	20250527	5121001	Crédit Mutuel - CREDIT MUTUEL SUD OUEST			WZOVGETXBR	20250527	VIR INST ASSOC. LES AMIS GUZZI facture F-2025-051 suite acompte Les amis guzzistes 25147IP1RT147147370	1900,0	0,0				1900,00	EUR
BQ1	Journal de trésorerie - CREDIT MUTUEL	205	20250527	411	Clients	411100002	Christophe (Motard)	WZOVGETXBR	20250527	VIR INST ASSOC. LES AMIS GUZZI facture F-2025-051 suite acompte Les amis guzzistes 25147IP1RT147147370	0,0	1900,0	CM	20250707		-1900,00	EUR
BQ1	Journal de trésorerie - CREDIT MUTUEL	206	20250527	5121001	Crédit Mutuel - CREDIT MUTUEL SUD OUEST			KFLJ1L0PLO	20250527	CARTE 25/05 ADELINE LAFON SARLAT LA CANE MCC 8111 SERVICES LEGAUX, AVO 5137340061134529000	0,0	171,97				-171,97	EUR
BQ1	Journal de trésorerie - CREDIT MUTUEL	206	20250527	618	Divers			KFLJ1L0PLO	20250527	CARTE 25/05 ADELINE LAFON SARLAT LA CANE MCC 8111 SERVICES LEGAUX, AVO 5137340061134529000	171,97	0,0				171,97	EUR
BQ1	Journal de trésorerie - CREDIT MUTUEL	207	20250527	5121001	Crédit Mutuel - CREDIT MUTUEL SUD OUEST			OAN390LWES	20250527	VIR LABICHE MYLENE NOCUS TOMY MICHEL SYLVAIN 2514756721540001	0,0	100,0				-100,00	EUR
BQ1	Journal de trésorerie - CREDIT MUTUEL	207	20250527	108	Compte de l'exploitant			OAN390LWES	20250527	VIR LABICHE MYLENE NOCUS TOMY MICHEL SYLVAIN 2514756721540001	100,0	0,0				100,00	EUR
HA	Journal d’achat	208	20250527	4096	Fournisseurs - Créances pour emballages et matériel à rendre			KIEGX3X8M1	20250527	Facture LES 3 CAVES - DUPLICATA FAC 11-20250502436	30,0	0,0				30,00	EUR
HA	Journal d’achat	208	20250527	401	Fournisseurs	4013CAVES	LES 3 CAVES	KIEGX3X8M1	20250527	Facture LES 3 CAVES - DUPLICATA FAC 11-20250502436	0,0	167,88	D	20251010		-167,88	EUR
HA	Journal d’achat	208	20250527	6011300009	ACHATS MAT 1RES TX NORMAL (TVA 20%)			KIEGX3X8M1	20250527	Facture LES 3 CAVES - DUPLICATA FAC 11-20250502436	114,9	0,0				114,90	EUR
HA	Journal d’achat	208	20250527	44566	TVA sur autres biens et services			KIEGX3X8M1	20250527	Facture LES 3 CAVES - DUPLICATA FAC 11-20250502436	22,98	0,0				22,98	EUR
HA	Journal d’achat	209	20250527	6011100006	ACHATS MAT 1RES TX REDUIT (TVA 5.5%)			TC6QD7ZALI	20250527	Facture SYSCO FRANCE SAS - 1250277890	560,29	0,0				560,29	EUR
HA	Journal d’achat	209	20250527	401	Fournisseurs	401100015	SYSCO FRANCE SAS	TC6QD7ZALI	20250527	Facture SYSCO FRANCE SAS - 1250277890	0,0	591,11	CN	20250616		-591,11	EUR
HA	Journal d’achat	209	20250527	44566	TVA sur autres biens et services			TC6QD7ZALI	20250527	Facture SYSCO FRANCE SAS - 1250277890	30,82	0,0				30,82	EUR
HA	Journal d’achat	210	20250527	6011100006	ACHATS MAT 1RES TX REDUIT (TVA 5.5%)			SGMSRXRSKA	20250527	Facture SYSCO FRANCE SAS - 1250277891	121,21	0,0				121,21	EUR
HA	Journal d’achat	210	20250527	401	Fournisseurs	401100015	SYSCO FRANCE SAS	SGMSRXRSKA	20250527	Facture SYSCO FRANCE SAS - 1250277891	0,0	127,88	CO	20250610		-127,88	EUR
HA	Journal d’achat	210	20250527	44566	TVA sur autres biens et services			SGMSRXRSKA	20250527	Facture SYSCO FRANCE SAS - 1250277891	6,67	0,0				6,67	EUR
HA	Journal d’achat	211	20250528	6011100006	ACHATS MAT 1RES TX REDUIT (TVA 5.5%)			EJHHZFFUDD	20250528	Facture ALDI - 0169202505280194	229,84	0,0				229,84	EUR
HA	Journal d’achat	211	20250528	401	Fournisseurs	401ALDI	ALDI	EJHHZFFUDD	20250528	Facture ALDI - 0169202505280194	0,0	327,16	CP	20250529		-327,16	EUR
HA	Journal d’achat	211	20250528	44566	TVA sur autres biens et services			EJHHZFFUDD	20250528	Facture ALDI - 0169202505280194	26,75	0,0				26,75	EUR
HA	Journal d’achat	211	20250528	6011300009	ACHATS MAT 1RES TX NORMAL (TVA 20%)			EJHHZFFUDD	20250528	Facture ALDI - 0169202505280194	70,57	0,0				70,57	EUR
BQ1	Journal de trésorerie - CREDIT MUTUEL	212	20250528	6580000003	Pénalités et autres charges (anciennement Charges diverses de gestion courante) (Pas de TVA)			XTBAIMVBQW	20250528	PRLV SPRE Prelevement SPRE 2514654293550078 Prelevement SPRE 130019986649 4038 28052025 2514654293550078	3,63	0,0				3,63	EUR
BQ1	Journal de trésorerie - CREDIT MUTUEL	212	20250528	5121001	Crédit Mutuel - CREDIT MUTUEL SUD OUEST			XTBAIMVBQW	20250528	PRLV SPRE Prelevement SPRE 2514654293550078 Prelevement SPRE 130019986649 4038 28052025 2514654293550078	0,0	134,1				-134,10	EUR
BQ1	Journal de trésorerie - CREDIT MUTUEL	212	20250528	401	Fournisseurs	401SPRE	SPRE	XTBAIMVBQW	20250528	PRLV SPRE Prelevement SPRE 2514654293550078 Prelevement SPRE 130019986649 4038 28052025 2514654293550078	130,47	0,0	W	20250528		130,47	EUR
RT	Journal des récupération de TVA	213	20250528	44564	TVA déductible sur encaissements			WLM8GKSTLN	20250528	PRLV SPRE Prelevement SPRE 2514654293550078 Prelevement SPRE 130019986649 4038 28052025 2514654293550078	0,0	17,02	X	20250528		-17,02	EUR
RT	Journal des récupération de TVA	213	20250528	44566	TVA sur autres biens et services			WLM8GKSTLN	20250528	PRLV SPRE Prelevement SPRE 2514654293550078 Prelevement SPRE 130019986649 4038 28052025 2514654293550078	17,02	0,0				17,02	EUR
BQ1	Journal de trésorerie - CREDIT MUTUEL	214	20250528	6580000003	Pénalités et autres charges (anciennement Charges diverses de gestion courante) (Pas de TVA)			1T2M00FSKE	20250528	PRLV SACEM-SOC AUTEUR COMPOSITEU Prelevement SACEM 2514754977970392 Prelevement SACEM 130019986648 4037 28052025 2514754977970392	1,26	0,0				1,26	EUR
BQ1	Journal de trésorerie - CREDIT MUTUEL	214	20250528	5121001	Crédit Mutuel - CREDIT MUTUEL SUD OUEST			1T2M00FSKE	20250528	PRLV SACEM-SOC AUTEUR COMPOSITEU Prelevement SACEM 2514754977970392 Prelevement SACEM 130019986648 4037 28052025 2514754977970392	0,0	448,85				-448,85	EUR
BQ1	Journal de trésorerie - CREDIT MUTUEL	214	20250528	401	Fournisseurs	401SACEM	SACEM	1T2M00FSKE	20250528	PRLV SACEM-SOC AUTEUR COMPOSITEU Prelevement SACEM 2514754977970392 Prelevement SACEM 130019986648 4037 28052025 2514754977970392	447,59	0,0	E	20250528		447,59	EUR
RT	Journal des récupération de TVA	215	20250528	44564	TVA déductible sur encaissements			FRWV3KVAXP	20250528	PRLV SACEM-SOC AUTEUR COMPOSITEU Prelevement SACEM 2514754977970392 Prelevement SACEM 130019986648 4037 28052025 2514754977970392	0,0	39,51	F	20250528		-39,51	EUR
RT	Journal des récupération de TVA	215	20250528	44566	TVA sur autres biens et services			FRWV3KVAXP	20250528	PRLV SACEM-SOC AUTEUR COMPOSITEU Prelevement SACEM 2514754977970392 Prelevement SACEM 130019986648 4037 28052025 2514754977970392	39,51	0,0				39,51	EUR
HA	Journal d’achat	216	20250528	6011100006	ACHATS MAT 1RES TX REDUIT (TVA 5.5%)			JKPPQUJKLT	20250528	Facture LA HALLE CREPINOISE - 4-00018219	18,8	0,0				18,80	EUR
HA	Journal d’achat	216	20250528	401	Fournisseurs	401HALLE	LA HALLE CREPINOISE	JKPPQUJKLT	20250528	Facture LA HALLE CREPINOISE - 4-00018219	0,0	19,83	CQ	20250529		-19,83	EUR
HA	Journal d’achat	216	20250528	44566	TVA sur autres biens et services			JKPPQUJKLT	20250528	Facture LA HALLE CREPINOISE - 4-00018219	1,03	0,0				1,03	EUR
HA	Journal d’achat	217	20250529	60111	ACHATS MAT 1RES TX REDUIT			HJHX1BQWGF	20250529	Facture PROMOCASH - 270400	199,75	0,0				199,75	EUR
HA	Journal d’achat	217	20250529	401	Fournisseurs	401PROMOC	PROMOCASH	HJHX1BQWGF	20250529	Facture PROMOCASH - 270400	0,0	217,79	CR	20250530		-217,79	EUR
HA	Journal d’achat	217	20250529	44566	TVA sur autres biens et services			HJHX1BQWGF	20250529	Facture PROMOCASH - 270400	18,04	0,0				18,04	EUR
BQ1	Journal de trésorerie - CREDIT MUTUEL	218	20250529	5121001	Crédit Mutuel - CREDIT MUTUEL SUD OUEST			XTVR1CEYMJ	20250529	CARTE 28/05 ALDI MARCHE 169 SARLAT LA CANE MCC 5411 HYPERMARCHES 5137340061134529000	0,0	327,16				-327,16	EUR
BQ1	Journal de trésorerie - CREDIT MUTUEL	218	20250529	401	Fournisseurs	401ALDI	ALDI	XTVR1CEYMJ	20250529	CARTE 28/05 ALDI MARCHE 169 SARLAT LA CANE MCC 5411 HYPERMARCHES 5137340061134529000	327,16	0,0	CP	20250529		327,16	EUR
BQ1	Journal de trésorerie - CREDIT MUTUEL	219	20250529	5121001	Crédit Mutuel - CREDIT MUTUEL SUD OUEST			UNIHTF7NSX	20250529	CARTE 28/05 LA HALLE CREPINO SAINT CREPIN E MCC 5331 SUPERMARCHES 5137340061134529000	0,0	19,83				-19,83	EUR
BQ1	Journal de trésorerie - CREDIT MUTUEL	219	20250529	401	Fournisseurs	401HALLE	LA HALLE CREPINOISE	UNIHTF7NSX	20250529	CARTE 28/05 LA HALLE CREPINO SAINT CREPIN E MCC 5331 SUPERMARCHES 5137340061134529000	19,83	0,0	CQ	20250529		19,83	EUR
HA	Journal d’achat	220	20250530	6063000009	Fournitures d'entretien et de petit équipement (TVA 20%)			ZC0UR4MTST	20250530	Facture DARTY - TICKET 3458	24,99	0,0				24,99	EUR
HA	Journal d’achat	220	20250530	401	Fournisseurs	401DARTY	DARTY	ZC0UR4MTST	20250530	Facture DARTY - TICKET 3458	0,0	29,99	CS	20250531		-29,99	EUR
HA	Journal d’achat	220	20250530	44566	TVA sur autres biens et services			ZC0UR4MTST	20250530	Facture DARTY - TICKET 3458	5,0	0,0				5,00	EUR
BQ1	Journal de trésorerie - CREDIT MUTUEL	221	20250530	5121001	Crédit Mutuel - CREDIT MUTUEL SUD OUEST			JXHBMTOH30	20250530	CARTE 29/05 PROMOCASH SARLAT LA CANE MCC 5411 HYPERMARCHES 5137340061134529000	0,0	217,79				-217,79	EUR
BQ1	Journal de trésorerie - CREDIT MUTUEL	221	20250530	401	Fournisseurs	401PROMOC	PROMOCASH	JXHBMTOH30	20250530	CARTE 29/05 PROMOCASH SARLAT LA CANE MCC 5411 HYPERMARCHES 5137340061134529000	217,79	0,0	CR	20250530		217,79	EUR
HA	Journal d’achat	222	20250530	60111	ACHATS MAT 1RES TX REDUIT			7FDRRXTED9	20250530	Facture CARREFOUR - 007176	202,13	0,0				202,13	EUR
HA	Journal d’achat	222	20250530	401	Fournisseurs	401CARREF	CARREFOUR	7FDRRXTED9	20250530	Facture CARREFOUR - 007176	0,0	223,66	CT	20250531		-223,66	EUR
HA	Journal d’achat	222	20250530	44566	TVA sur autres biens et services			7FDRRXTED9	20250530	Facture CARREFOUR - 007176	21,53	0,0				21,53	EUR
BQ1	Journal de trésorerie - CREDIT MUTUEL	223	20250530	5121001	Crédit Mutuel - CREDIT MUTUEL SUD OUEST			Q4PSVDOHXU	20250530	VIR PAYPAL PTE. LTD. DUFAYS ROMAIN 241220347 2515063894850534	417,07	0,0				417,07	EUR
BQ1	Journal de trésorerie - CREDIT MUTUEL	223	20250530	530	Caisse			Q4PSVDOHXU	20250530	VIR PAYPAL PTE. LTD. DUFAYS ROMAIN 241220347 2515063894850534	0,0	417,07				-417,07	EUR
BQ1	Journal de trésorerie - CREDIT MUTUEL	224	20250531	5121001	Crédit Mutuel - CREDIT MUTUEL SUD OUEST			HZATP82RBP	20250531	CARTE 30/05 DARTY SARLAT-LA-CANE MCC 5732 VENTE D'APPAREILS EL 5137340061134529000	0,0	29,99				-29,99	EUR
BQ1	Journal de trésorerie - CREDIT MUTUEL	224	20250531	401	Fournisseurs	401DARTY	DARTY	HZATP82RBP	20250531	CARTE 30/05 DARTY SARLAT-LA-CANE MCC 5732 VENTE D'APPAREILS EL 5137340061134529000	29,99	0,0	CS	20250531		29,99	EUR
BQ1	Journal de trésorerie - CREDIT MUTUEL	225	20250531	5121001	Crédit Mutuel - CREDIT MUTUEL SUD OUEST			RLRZ427F8D	20250531	CARTE 30/05 CARREFOURMARKET SARLAT LA CANE MCC 5411 HYPERMARCHES 5137340061134529000	0,0	223,66				-223,66	EUR
BQ1	Journal de trésorerie - CREDIT MUTUEL	225	20250531	401	Fournisseurs	401CARREF	CARREFOUR	RLRZ427F8D	20250531	CARTE 30/05 CARREFOURMARKET SARLAT LA CANE MCC 5411 HYPERMARCHES 5137340061134529000	223,66	0,0	CT	20250531		223,66	EUR
PA	Journal de Paie	226	20250531	6411	Salaires, appointements			G57TPWEV4V	20250531	SALAIRE LABICHE 05/2025	1805,76	0,0				1805,76	EUR
PA	Journal de Paie	226	20250531	6451	Cotisations à l'Urssaf			G57TPWEV4V	20250531	SALAIRE LABICHE 05/2025	18,53	0,0				18,53	EUR
PA	Journal de Paie	226	20250531	6453	Cotisations aux caisses de retraites			G57TPWEV4V	20250531	SALAIRE LABICHE 05/2025	34,65	0,0				34,65	EUR
PA	Journal de Paie	226	20250531	6452	Cotisations aux mutuelles			G57TPWEV4V	20250531	SALAIRE LABICHE 05/2025	34,65	0,0				34,65	EUR
PA	Journal de Paie	226	20250531	421	PERSONNEL REMUNERAT DUES			G57TPWEV4V	20250531	SALAIRE LABICHE 05/2025	0,0	1377,33				-1377,33	EUR
PA	Journal de Paie	226	20250531	431	Sécurité sociale			G57TPWEV4V	20250531	SALAIRE LABICHE 05/2025	0,0	516,26	BN	20250715		-516,26	EUR
BQ1	Journal de trésorerie - CREDIT MUTUEL	227	20250602	5121001	Crédit Mutuel - CREDIT MUTUEL SUD OUEST			MBNLZHBRI7	20250602	PRLV SumUp Payments Limited SUMUP LIMITED 28.05.2025 2515064391900901 SUMUP LIMITED 28.05.2025 TCDRDPHP4Q 2515064391900901	0,0	244,3				-244,30	EUR
BQ1	Journal de trésorerie - CREDIT MUTUEL	227	20250602	401	Fournisseurs	401100024	SUMUP	MBNLZHBRI7	20250602	PRLV SumUp Payments Limited SUMUP LIMITED 28.05.2025 2515064391900901 SUMUP LIMITED 28.05.2025 TCDRDPHP4Q 2515064391900901	244,3	0,0	CU	20250605		244,30	EUR
BQ1	Journal de trésorerie - CREDIT MUTUEL	228	20250602	5121001	Crédit Mutuel - CREDIT MUTUEL SUD OUEST			OUO41JJ6XH	20250602	COTISATION EUROCOMPTE PRO	0,0	29,46				-29,46	EUR
BQ1	Journal de trésorerie - CREDIT MUTUEL	228	20250602	627	Services bancaires et assimilés			OUO41JJ6XH	20250602	COTISATION EUROCOMPTE PRO	29,46	0,0				29,46	EUR
BQ1	Journal de trésorerie - CREDIT MUTUEL	229	20250602	5121001	Crédit Mutuel - CREDIT MUTUEL SUD OUEST			FTWX5J4OL2	20250602	FRAIS DE MISE EN SERVICE PRO INTEGRAL	0,0	18,0				-18,00	EUR
BQ1	Journal de trésorerie - CREDIT MUTUEL	229	20250602	627	Services bancaires et assimilés			FTWX5J4OL2	20250602	FRAIS DE MISE EN SERVICE PRO INTEGRAL	18,0	0,0				18,00	EUR
BQ1	Journal de trésorerie - CREDIT MUTUEL	230	20250602	5121001	Crédit Mutuel - CREDIT MUTUEL SUD OUEST			UQ3QHSH6MT	20250602	PRLV Sysco France SAS /INV/1250003173 3.5.2025/INV/125 2515062949030641 /INV/1250003173 3.5.2025/INV/1250107727 13.5.2025 1501590910 2515062949030641	0,0	746,76				-746,76	EUR
BQ1	Journal de trésorerie - CREDIT MUTUEL	230	20250602	401	Fournisseurs	401100015	SYSCO FRANCE SAS	UQ3QHSH6MT	20250602	PRLV Sysco France SAS /INV/1250003173 3.5.2025/INV/125 2515062949030641 /INV/1250003173 3.5.2025/INV/1250107727 13.5.2025 1501590910 2515062949030641	746,76	0,0	BQ	20250602		746,76	EUR
BQ1	Journal de trésorerie - CREDIT MUTUEL	231	20250602	5121001	Crédit Mutuel - CREDIT MUTUEL SUD OUEST			NVLVV6LLF8	20250602	VIR PAYPAL PTE. LTD. DUFAYS ROMAIN 241362765 2515369781860497	2259,04	0,0				2259,04	EUR
BQ1	Journal de trésorerie - CREDIT MUTUEL	231	20250602	530	Caisse			NVLVV6LLF8	20250602	VIR PAYPAL PTE. LTD. DUFAYS ROMAIN 241362765 2515369781860497	0,0	2259,04				-2259,04	EUR
BQ1	Journal de trésorerie - CREDIT MUTUEL	232	20250602	5121001	Crédit Mutuel - CREDIT MUTUEL SUD OUEST			JGAILWNWWR	20250602	LOCATION PRO SOLUTION INETGRALE	0,0	12,0				-12,00	EUR
BQ1	Journal de trésorerie - CREDIT MUTUEL	232	20250602	6135	Locations mobilières			JGAILWNWWR	20250602	LOCATION PRO SOLUTION INETGRALE	12,0	0,0				12,00	EUR
BQ1	Journal de trésorerie - CREDIT MUTUEL	233	20250603	5121001	Crédit Mutuel - CREDIT MUTUEL SUD OUEST			GXBPGV5JXL	20250603	CARTE 02/06 E.LECLERC SARLAT LA CANE MCC 5331 SUPERMARCHES 5137340061134529000	0,0	176,54				-176,54	EUR
BQ1	Journal de trésorerie - CREDIT MUTUEL	233	20250603	401	Fournisseurs	401LECLER	LECLERC	GXBPGV5JXL	20250603	CARTE 02/06 E.LECLERC SARLAT LA CANE MCC 5331 SUPERMARCHES 5137340061134529000	176,54	0,0	N	20251231		176,54	EUR
BQ1	Journal de trésorerie - CREDIT MUTUEL	234	20250603	5121001	Crédit Mutuel - CREDIT MUTUEL SUD OUEST			G324AHNPX9	20250603	VIR LABICHE MYLENE NOCUS TOMY MICHEL SYLVAIN 2515472568210001	0,0	1000,0				-1000,00	EUR
BQ1	Journal de trésorerie - CREDIT MUTUEL	234	20250603	108	Compte de l'exploitant			G324AHNPX9	20250603	VIR LABICHE MYLENE NOCUS TOMY MICHEL SYLVAIN 2515472568210001	1000,0	0,0				1000,00	EUR
HA	Journal d’achat	235	20250604	60111	ACHATS MAT 1RES TX REDUIT			YKHWSDTUM6	20250604	Facture CARREFOUR - 14427758064426	382,28	0,0				382,28	EUR
HA	Journal d’achat	235	20250604	401	Fournisseurs	401CARREF	CARREFOUR	YKHWSDTUM6	20250604	Facture CARREFOUR - 14427758064426	0,0	440,32	CV	20250604		-440,32	EUR
HA	Journal d’achat	235	20250604	44566	TVA sur autres biens et services			YKHWSDTUM6	20250604	Facture CARREFOUR - 14427758064426	58,04	0,0				58,04	EUR
BQ1	Journal de trésorerie - CREDIT MUTUEL	236	20250604	5121001	Crédit Mutuel - CREDIT MUTUEL SUD OUEST			5TDIZBWWHS	20250604	VIR INST DE LATUDE EC F-2025-042 F-2025-0429 - EI TOMY NOCUS - F-2025-0429 - DE LATUDE CONSEILS COMPTABILITE F-2025-0429 25155IP1RT152784828	0,0	300,0				-300,00	EUR
BQ1	Journal de trésorerie - CREDIT MUTUEL	236	20250604	401	Fournisseurs	401100018	LATUDE EXPERTISE & CONSEIL	5TDIZBWWHS	20250604	VIR INST DE LATUDE EC F-2025-042 F-2025-0429 - EI TOMY NOCUS - F-2025-0429 - DE LATUDE CONSEILS COMPTABILITE F-2025-0429 25155IP1RT152784828	300,0	0,0	BH	20250604		300,00	EUR
RT	Journal des récupération de TVA	237	20250604	4456400009	TVA déductible sur encaissements (TVA 20%)			V2EZU5LX7P	20250604	VIR INST DE LATUDE EC F-2025-042 F-2025-0429 - EI TOMY NOCUS - F-2025-0429 - DE LATUDE CONSEILS COMPTABILITE F-2025-0429 25155IP1RT152784828	0,0	50,0	BI	20250604		-50,00	EUR
RT	Journal des récupération de TVA	237	20250604	44566	TVA sur autres biens et services			V2EZU5LX7P	20250604	VIR INST DE LATUDE EC F-2025-042 F-2025-0429 - EI TOMY NOCUS - F-2025-0429 - DE LATUDE CONSEILS COMPTABILITE F-2025-0429 25155IP1RT152784828	50,0	0,0				50,00	EUR
HA	Journal d’achat	238	20250604	6011100006	ACHATS MAT 1RES TX REDUIT (TVA 5.5%)			7S3S60EY3U	20250604	Facture PROMOCASH - 271196	129,27	0,0				129,27	EUR
HA	Journal d’achat	238	20250604	401	Fournisseurs	401PROMOC	PROMOCASH	7S3S60EY3U	20250604	Facture PROMOCASH - 271196	0,0	136,38	CW	20250614		-136,38	EUR
HA	Journal d’achat	238	20250604	44566	TVA sur autres biens et services			7S3S60EY3U	20250604	Facture PROMOCASH - 271196	7,11	0,0				7,11	EUR
HA	Journal d’achat	239	20250604	6063	Fournitures d'entretien et de petit équipement			RXAWS7WGJN	20250604	Facture ACTION FRANCE - 464710490002622	135,23	0,0				135,23	EUR
HA	Journal d’achat	239	20250604	401	Fournisseurs	401100021	ACTION FRANCE	RXAWS7WGJN	20250604	Facture ACTION FRANCE - 464710490002622	0,0	161,55	CX	20250604		-161,55	EUR
HA	Journal d’achat	239	20250604	44566	TVA sur autres biens et services			RXAWS7WGJN	20250604	Facture ACTION FRANCE - 464710490002622	26,32	0,0				26,32	EUR
BQ1	Journal de trésorerie - CREDIT MUTUEL	240	20250604	5121001	Crédit Mutuel - CREDIT MUTUEL SUD OUEST			QUZHBC0PVH	20250604	CARTE 02/06 INTER GREECE 94 24 SARLAT-LA-C MCC 5542 POMPES A ESSENCE AUT 5137340061134529000	0,0	60,53				-60,53	EUR
BQ1	Journal de trésorerie - CREDIT MUTUEL	240	20250604	401	Fournisseurs	401INTERM	INTERMARCHE	QUZHBC0PVH	20250604	CARTE 02/06 INTER GREECE 94 24 SARLAT-LA-C MCC 5542 POMPES A ESSENCE AUT 5137340061134529000	60,53	0,0	J	20251231		60,53	EUR
OD	Journal des opérations diverses	241	20250604	401	Fournisseurs	401MANGEO	MANGEONS FRAIS	SUVUTJFZMO	20250604	Règlement espèce	62,6	0,0	CY	20250604		62,60	EUR
OD	Journal des opérations diverses	241	20250604	530	Caisse			SUVUTJFZMO	20250604	Règlement espèce	0,0	62,6				-62,60	EUR
OD	Journal des opérations diverses	242	20250604	401	Fournisseurs	401CARREF	CARREFOUR	KUPDQNXOZY	20250604	Règlement espèce	440,32	0,0	CV	20250604		440,32	EUR
OD	Journal des opérations diverses	242	20250604	530	Caisse			KUPDQNXOZY	20250604	Règlement espèce	0,0	440,32				-440,32	EUR
OD	Journal des opérations diverses	243	20250604	401	Fournisseurs	401100021	ACTION FRANCE	LT1JPWCYOY	20250604	Règlt espèce	161,55	0,0	CX	20250604		161,55	EUR
OD	Journal des opérations diverses	243	20250604	530	Caisse			LT1JPWCYOY	20250604	Règlt espèce	0,0	161,55				-161,55	EUR
BQ1	Journal de trésorerie - CREDIT MUTUEL	244	20250604	5121001	Crédit Mutuel - CREDIT MUTUEL SUD OUEST			NHCO9ASUJH	20250604	RET 04/06/25 ESPECES	0,0	300,0				-300,00	EUR
BQ1	Journal de trésorerie - CREDIT MUTUEL	244	20250604	530	Caisse			NHCO9ASUJH	20250604	RET 04/06/25 ESPECES	300,0	0,0				300,00	EUR
BQ1	Journal de trésorerie - CREDIT MUTUEL	245	20250604	5121001	Crédit Mutuel - CREDIT MUTUEL SUD OUEST			7E0JSULDTX	20250604	VIR LABICHE MYLENE NOCUS TOMY MICHEL SYLVAIN 2515575791300001	0,0	400,0				-400,00	EUR
BQ1	Journal de trésorerie - CREDIT MUTUEL	245	20250604	108	Compte de l'exploitant			7E0JSULDTX	20250604	VIR LABICHE MYLENE NOCUS TOMY MICHEL SYLVAIN 2515575791300001	400,0	0,0				400,00	EUR
HA	Journal d’achat	246	20250604	6011100006	ACHATS MAT 1RES TX REDUIT (TVA 5.5%)			NUSTVURNPJ	20250604	Facture MANGEONS FRAIS - 003	59,34	0,0				59,34	EUR
HA	Journal d’achat	246	20250604	401	Fournisseurs	401MANGEO	MANGEONS FRAIS	NUSTVURNPJ	20250604	Facture MANGEONS FRAIS - 003	0,0	62,6	CY	20250604		-62,60	EUR
HA	Journal d’achat	246	20250604	44566	TVA sur autres biens et services			NUSTVURNPJ	20250604	Facture MANGEONS FRAIS - 003	3,26	0,0				3,26	EUR
HA	Journal d’achat	247	20250605	6135000003	Locations mobilières (Pas de TVA)			KZKJNMU9UV	20250605	Facture SUMUP - 1000211923	244,3	0,0				244,30	EUR
HA	Journal d’achat	247	20250605	401	Fournisseurs	401100024	SUMUP	KZKJNMU9UV	20250605	Facture SUMUP - 1000211923	0,0	244,3	CU	20250605		-244,30	EUR
BQ1	Journal de trésorerie - CREDIT MUTUEL	248	20250605	5121001	Crédit Mutuel - CREDIT MUTUEL SUD OUEST			4X6FUFPIFZ	20250605	PRLV NOVELIA AVP NOVELIA 2515574169800017 AVP NOVELIA 10112930 2515574169800017	0,0	110,33				-110,33	EUR
BQ1	Journal de trésorerie - CREDIT MUTUEL	248	20250605	401	Fournisseurs	401100025	ASU GROUPE TVA KEREIS	4X6FUFPIFZ	20250605	PRLV NOVELIA AVP NOVELIA 2515574169800017 AVP NOVELIA 10112930 2515574169800017	110,33	0,0				110,33	EUR
RT	Journal des récupération de TVA	249	20250605	44564	TVA déductible sur encaissements			HJ16DINTZ3	20250605	PRLV NOVELIA AVP NOVELIA 2515574169800017 AVP NOVELIA 10112930 2515574169800017	0,0	0,09				-0,09	EUR
RT	Journal des récupération de TVA	249	20250605	44566	TVA sur autres biens et services			HJ16DINTZ3	20250605	PRLV NOVELIA AVP NOVELIA 2515574169800017 AVP NOVELIA 10112930 2515574169800017	0,09	0,0				0,09	EUR
HA	Journal d’achat	250	20250605	6226100009	HONORAIRES COMPTABLES (TVA 20%)			7FSON1F4T4	20250605	Facture LATUDE EXPERTISE & CONSEIL - F-2025-0659	250,0	0,0				250,00	EUR
HA	Journal d’achat	250	20250605	401	Fournisseurs	401100018	LATUDE EXPERTISE & CONSEIL	7FSON1F4T4	20250605	Facture LATUDE EXPERTISE & CONSEIL - F-2025-0659	0,0	300,0	CZ	20250715		-300,00	EUR
HA	Journal d’achat	250	20250605	4456400009	TVA déductible sur encaissements (TVA 20%)			7FSON1F4T4	20250605	Facture LATUDE EXPERTISE & CONSEIL - F-2025-0659	50,0	0,0	DA	20250715		50,00	EUR
BQ1	Journal de trésorerie - CREDIT MUTUEL	251	20250605	5121001	Crédit Mutuel - CREDIT MUTUEL SUD OUEST			J1WM0RE7WZ	20250605	REM 2 CHQ BORNE SARLAT	313,4	0,0				313,40	EUR
BQ1	Journal de trésorerie - CREDIT MUTUEL	251	20250605	530	Caisse			J1WM0RE7WZ	20250605	REM 2 CHQ BORNE SARLAT	0,0	313,4				-313,40	EUR
BQ1	Journal de trésorerie - CREDIT MUTUEL	252	20250605	5121001	Crédit Mutuel - CREDIT MUTUEL SUD OUEST			DAQZDISTKQ	20250605	Loyer Le Resto Loyer Le Resto - Loyer Le Resto 2515679204930028	0,0	1800,0				-1800,00	EUR
BQ1	Journal de trésorerie - CREDIT MUTUEL	252	20250605	6132000003	Locations immobilières (Pas de TVA)			DAQZDISTKQ	20250605	Loyer Le Resto Loyer Le Resto - Loyer Le Resto 2515679204930028	1800,0	0,0				1800,00	EUR
HA	Journal d’achat	253	20250605	60111	ACHATS MAT 1RES TX REDUIT			I24UWR01UO	20250605	Facture SYSCO FRANCE SAS - 1250383879	770,77	0,0				770,77	EUR
HA	Journal d’achat	253	20250605	401	Fournisseurs	401100015	SYSCO FRANCE SAS	I24UWR01UO	20250605	Facture SYSCO FRANCE SAS - 1250383879	0,0	816,21	DB	20250630		-816,21	EUR
HA	Journal d’achat	253	20250605	44566	TVA sur autres biens et services			I24UWR01UO	20250605	Facture SYSCO FRANCE SAS - 1250383879	45,44	0,0				45,44	EUR
HA	Journal d’achat	254	20250607	6011100006	ACHATS MAT 1RES TX REDUIT (TVA 5.5%)			3W83AIPTKR	20250607	Avoir PROMOCASH - 271709	0,0	25,61				-25,61	EUR
HA	Journal d’achat	254	20250607	401	Fournisseurs	401PROMOC	PROMOCASH	3W83AIPTKR	20250607	Avoir PROMOCASH - 271709	27,02	0,0	CW	20250614		27,02	EUR
HA	Journal d’achat	254	20250607	44566	TVA sur autres biens et services			3W83AIPTKR	20250607	Avoir PROMOCASH - 271709	0,0	1,41				-1,41	EUR
HA	Journal d’achat	255	20250607	60111	ACHATS MAT 1RES TX REDUIT			Y6BKCHETXI	20250607	Facture PROMOCASH - 271708	124,42	0,0				124,42	EUR
HA	Journal d’achat	255	20250607	401	Fournisseurs	401PROMOC	PROMOCASH	Y6BKCHETXI	20250607	Facture PROMOCASH - 271708	0,0	134,79	CW	20250614		-134,79	EUR
HA	Journal d’achat	255	20250607	44566	TVA sur autres biens et services			Y6BKCHETXI	20250607	Facture PROMOCASH - 271708	10,37	0,0				10,37	EUR
BQ1	Journal de trésorerie - CREDIT MUTUEL	256	20250607	5121001	Crédit Mutuel - CREDIT MUTUEL SUD OUEST			IXNW1NWLHT	20250607	VIR LABICHE MYLENE NOCUS TOMY MICHEL SYLVAIN 2515883142270001	0,0	300,0				-300,00	EUR
BQ1	Journal de trésorerie - CREDIT MUTUEL	256	20250607	108	Compte de l'exploitant			IXNW1NWLHT	20250607	VIR LABICHE MYLENE NOCUS TOMY MICHEL SYLVAIN 2515883142270001	300,0	0,0				300,00	EUR
HA	Journal d’achat	257	20250607	6011300009	ACHATS MAT 1RES TX NORMAL (TVA 20%)			XY9HBYGDAV	20250607	Facture LES 3 CAVES - DUPLICATA FAC 11-20250600841	148,21	0,0				148,21	EUR
HA	Journal d’achat	257	20250607	401	Fournisseurs	4013CAVES	LES 3 CAVES	XY9HBYGDAV	20250607	Facture LES 3 CAVES - DUPLICATA FAC 11-20250600841	0,0	177,85	D	20251010		-177,85	EUR
HA	Journal d’achat	257	20250607	44566	TVA sur autres biens et services			XY9HBYGDAV	20250607	Facture LES 3 CAVES - DUPLICATA FAC 11-20250600841	29,64	0,0				29,64	EUR
HA	Journal d’achat	258	20250607	60111	ACHATS MAT 1RES TX REDUIT			PNU9PDUKPW	20250607	Facture SYSCO FRANCE SAS - 1250417020	191,5	0,0				191,50	EUR
HA	Journal d’achat	258	20250607	401	Fournisseurs	401100015	SYSCO FRANCE SAS	PNU9PDUKPW	20250607	Facture SYSCO FRANCE SAS - 1250417020	0,0	202,4	DB	20250630		-202,40	EUR
HA	Journal d’achat	258	20250607	44566	TVA sur autres biens et services			PNU9PDUKPW	20250607	Facture SYSCO FRANCE SAS - 1250417020	10,9	0,0				10,90	EUR
VT	Journal de vente	259	20250608	7070000008	Ventes de marchandises (TVA 10%)			NTFF8YEDKM	20250608	Facture Christophe (Motard) - F-2025-062	0,0	3141,74				-3141,74	EUR
VT	Journal de vente	259	20250608	411	Clients	411100002	Christophe (Motard)	NTFF8YEDKM	20250608	Facture Christophe (Motard) - F-2025-062	3455,92	0,0	CD	20250611		3455,92	EUR
VT	Journal de vente	259	20250608	44571008	TVA collectée à 10%			NTFF8YEDKM	20250608	Facture Christophe (Motard) - F-2025-062	0,0	314,18				-314,18	EUR
BQ1	Journal de trésorerie - CREDIT MUTUEL	260	20250609	5121001	Crédit Mutuel - CREDIT MUTUEL SUD OUEST			6DTWJAVRJZ	20250609	LCR S A S LES 3 CAVES	0,0	167,88				-167,88	EUR
BQ1	Journal de trésorerie - CREDIT MUTUEL	260	20250609	401	Fournisseurs	4013CAVES	LES 3 CAVES	6DTWJAVRJZ	20250609	LCR S A S LES 3 CAVES	167,88	0,0	D	20251010		167,88	EUR
BQ1	Journal de trésorerie - CREDIT MUTUEL	261	20250610	5121001	Crédit Mutuel - CREDIT MUTUEL SUD OUEST			L1MH033HYE	20250610	VIR LABICHE MYLENE NOCUS TOMY MICHEL SYLVAIN 2516187751880001	0,0	200,0				-200,00	EUR
BQ1	Journal de trésorerie - CREDIT MUTUEL	261	20250610	108	Compte de l'exploitant			L1MH033HYE	20250610	VIR LABICHE MYLENE NOCUS TOMY MICHEL SYLVAIN 2516187751880001	200,0	0,0				200,00	EUR
BQ1	Journal de trésorerie - CREDIT MUTUEL	262	20250610	5121001	Crédit Mutuel - CREDIT MUTUEL SUD OUEST			BDIPZLCIZQ	20250610	VIR LABICHE MYLENE NOCUS TOMY MICHEL SYLVAIN 2516188813400001	0,0	300,0				-300,00	EUR
BQ1	Journal de trésorerie - CREDIT MUTUEL	262	20250610	108	Compte de l'exploitant			BDIPZLCIZQ	20250610	VIR LABICHE MYLENE NOCUS TOMY MICHEL SYLVAIN 2516188813400001	300,0	0,0				300,00	EUR
BQ1	Journal de trésorerie - CREDIT MUTUEL	263	20250610	5121001	Crédit Mutuel - CREDIT MUTUEL SUD OUEST			QVQUFGEU5L	20250610	PRLV Sysco France SAS /INV/1250277891 27.5.2025 2515369527320847 /INV/1250277891 27.5.2025 1501647548 2515369527320847	0,0	127,88				-127,88	EUR
BQ1	Journal de trésorerie - CREDIT MUTUEL	263	20250610	401	Fournisseurs	401100015	SYSCO FRANCE SAS	QVQUFGEU5L	20250610	PRLV Sysco France SAS /INV/1250277891 27.5.2025 2515369527320847 /INV/1250277891 27.5.2025 1501647548 2515369527320847	127,88	0,0	CO	20250610		127,88	EUR
BQ1	Journal de trésorerie - CREDIT MUTUEL	264	20250610	5121001	Crédit Mutuel - CREDIT MUTUEL SUD OUEST			FE1FTYTTR0	20250610	VIR PAYPAL PTE. LTD. DUFAYS ROMAIN 241944128 2516187835400203	953,57	0,0				953,57	EUR
BQ1	Journal de trésorerie - CREDIT MUTUEL	264	20250610	530	Caisse			FE1FTYTTR0	20250610	VIR PAYPAL PTE. LTD. DUFAYS ROMAIN 241944128 2516187835400203	0,0	953,57				-953,57	EUR
VT	Journal de vente	265	20250611	7070000008	Ventes de marchandises (TVA 10%)			WLH8BQRQAA	20250611	Avoir Christophe (Motard) - F-2025-063	2931,25	0,0				2931,25	EUR
VT	Journal de vente	265	20250611	411	Clients	411100002	Christophe (Motard)	WLH8BQRQAA	20250611	Avoir Christophe (Motard) - F-2025-063	0,0	3224,38	CD	20250611		-3224,38	EUR
VT	Journal de vente	265	20250611	44571008	TVA collectée à 10%			WLH8BQRQAA	20250611	Avoir Christophe (Motard) - F-2025-063	293,13	0,0				293,13	EUR
VT	Journal de vente	266	20250611	7070000008	Ventes de marchandises (TVA 10%)			LHX2OOBEOQ	20250611	Avoir Christophe (Motard) - F-2025-064	3141,74	0,0				3141,74	EUR
VT	Journal de vente	266	20250611	411	Clients	411100002	Christophe (Motard)	LHX2OOBEOQ	20250611	Avoir Christophe (Motard) - F-2025-064	0,0	3455,92	CD	20250611		-3455,92	EUR
VT	Journal de vente	266	20250611	44571008	TVA collectée à 10%			LHX2OOBEOQ	20250611	Avoir Christophe (Motard) - F-2025-064	314,18	0,0				314,18	EUR
BQ1	Journal de trésorerie - CREDIT MUTUEL	267	20250611	5121001	Crédit Mutuel - CREDIT MUTUEL SUD OUEST			IQN1QPARSZ	20250611	F-2025-0545 - LATUDE EC NOCUS TOMY F-2025-0545 - F-2025-0545 - LATUDE EC 2515575952080001	0,0	300,0				-300,00	EUR
BQ1	Journal de trésorerie - CREDIT MUTUEL	267	20250611	401	Fournisseurs	401100018	LATUDE EXPERTISE & CONSEIL	IQN1QPARSZ	20250611	F-2025-0545 - LATUDE EC NOCUS TOMY F-2025-0545 - F-2025-0545 - LATUDE EC 2515575952080001	300,0	0,0	BR	20250611		300,00	EUR
RT	Journal des récupération de TVA	268	20250611	4456400009	TVA déductible sur encaissements (TVA 20%)			27HMYIWTEI	20250611	F-2025-0545 - LATUDE EC NOCUS TOMY F-2025-0545 - F-2025-0545 - LATUDE EC 2515575952080001	0,0	50,0	BS	20250611		-50,00	EUR
RT	Journal des récupération de TVA	268	20250611	44566	TVA sur autres biens et services			27HMYIWTEI	20250611	F-2025-0545 - LATUDE EC NOCUS TOMY F-2025-0545 - F-2025-0545 - LATUDE EC 2515575952080001	50,0	0,0				50,00	EUR
VT	Journal de vente	269	20250611	7011000008	RECETTES 10% (TVA 10%)			XOVL1CISAY	20250611	Facture Christophe (Motard) - F-2025-065	0,0	3267,28				-3267,28	EUR
VT	Journal de vente	269	20250611	411	Clients	411100002	Christophe (Motard)	XOVL1CISAY	20250611	Facture Christophe (Motard) - F-2025-065	3594,02	0,0	CM	20250707		3594,02	EUR
VT	Journal de vente	269	20250611	44571008	TVA collectée à 10%			XOVL1CISAY	20250611	Facture Christophe (Motard) - F-2025-065	0,0	326,74				-326,74	EUR
BQ1	Journal de trésorerie - CREDIT MUTUEL	270	20250613	5121001	Crédit Mutuel - CREDIT MUTUEL SUD OUEST			DI4N5LPCBQ	20250613	VIR LABICHE MYLENE NOCUS TOMY MICHEL SYLVAIN 2516495370080001	0,0	100,0				-100,00	EUR
BQ1	Journal de trésorerie - CREDIT MUTUEL	270	20250613	108	Compte de l'exploitant			DI4N5LPCBQ	20250613	VIR LABICHE MYLENE NOCUS TOMY MICHEL SYLVAIN 2516495370080001	100,0	0,0				100,00	EUR
BQ1	Journal de trésorerie - CREDIT MUTUEL	271	20250613	5121001	Crédit Mutuel - CREDIT MUTUEL SUD OUEST			PVLZWFFPL2	20250613	VIR PAYPAL PTE. LTD. DUFAYS ROMAIN 242217619 2516494344010427	112,1	0,0				112,10	EUR
BQ1	Journal de trésorerie - CREDIT MUTUEL	271	20250613	530	Caisse			PVLZWFFPL2	20250613	VIR PAYPAL PTE. LTD. DUFAYS ROMAIN 242217619 2516494344010427	0,0	112,1				-112,10	EUR
HA	Journal d’achat	272	20250614	60111	ACHATS MAT 1RES TX REDUIT			GP76U3ZZOE	20250614	Facture PROMOCASH - 272624	124,06	0,0				124,06	EUR
HA	Journal d’achat	272	20250614	401	Fournisseurs	401PROMOC	PROMOCASH	GP76U3ZZOE	20250614	Facture PROMOCASH - 272624	0,0	132,69	CW	20250614		-132,69	EUR
HA	Journal d’achat	272	20250614	44566	TVA sur autres biens et services			GP76U3ZZOE	20250614	Facture PROMOCASH - 272624	8,63	0,0				8,63	EUR
OD	Journal des opérations diverses	273	20250614	401	Fournisseurs	401PROMOC	PROMOCASH	C8UGCHWQPI	20250614	Règlement espèce	376,84	0,0	CW	20250614		376,84	EUR
OD	Journal des opérations diverses	273	20250614	530	Caisse			C8UGCHWQPI	20250614	Règlement espèce	0,0	376,84				-376,84	EUR
BQ1	Journal de trésorerie - CREDIT MUTUEL	274	20250614	5121001	Crédit Mutuel - CREDIT MUTUEL SUD OUEST			G8VVNGBPRZ	20250614	VIR LABICHE MYLENE NOCUS TOMY MICHEL SYLVAIN 2516595721770001	0,0	200,0				-200,00	EUR
BQ1	Journal de trésorerie - CREDIT MUTUEL	274	20250614	108	Compte de l'exploitant			G8VVNGBPRZ	20250614	VIR LABICHE MYLENE NOCUS TOMY MICHEL SYLVAIN 2516595721770001	200,0	0,0				200,00	EUR
BQ1	Journal de trésorerie - CREDIT MUTUEL	275	20250616	5121001	Crédit Mutuel - CREDIT MUTUEL SUD OUEST			I3HOXATIMB	20250616	PRLV SumUp Payments Limited SUMUP LIMITED 12.06.2025 2516494789730074 SUMUP LIMITED 12.06.2025 TC4ERDTDE7 2516494789730074	0,0	34,8				-34,80	EUR
BQ1	Journal de trésorerie - CREDIT MUTUEL	275	20250616	530	Caisse			I3HOXATIMB	20250616	PRLV SumUp Payments Limited SUMUP LIMITED 12.06.2025 2516494789730074 SUMUP LIMITED 12.06.2025 TC4ERDTDE7 2516494789730074	34,8	0,0				34,80	EUR
BQ1	Journal de trésorerie - CREDIT MUTUEL	276	20250616	5121001	Crédit Mutuel - CREDIT MUTUEL SUD OUEST			IYHGXV7SSX	20250616	PRLV Sysco France SAS /INV/1250277890 27.5.2025 2515781423060926 /INV/1250277890 27.5.2025 1501668330 2515781423060926	0,0	591,11				-591,11	EUR
BQ1	Journal de trésorerie - CREDIT MUTUEL	276	20250616	401	Fournisseurs	401100015	SYSCO FRANCE SAS	IYHGXV7SSX	20250616	PRLV Sysco France SAS /INV/1250277890 27.5.2025 2515781423060926 /INV/1250277890 27.5.2025 1501668330 2515781423060926	591,11	0,0	CN	20250616		591,11	EUR
BQ1	Journal de trésorerie - CREDIT MUTUEL	277	20250616	5121001	Crédit Mutuel - CREDIT MUTUEL SUD OUEST			OI20ZRBAFO	20250616	VIR PAYPAL PTE. LTD. DUFAYS ROMAIN 242346942 2516798674350217	301,43	0,0				301,43	EUR
BQ1	Journal de trésorerie - CREDIT MUTUEL	277	20250616	530	Caisse			OI20ZRBAFO	20250616	VIR PAYPAL PTE. LTD. DUFAYS ROMAIN 242346942 2516798674350217	0,0	301,43				-301,43	EUR
BQ1	Journal de trésorerie - CREDIT MUTUEL	278	20250618	5121001	Crédit Mutuel - CREDIT MUTUEL SUD OUEST			18J0IMWEAK	20250618	VIR LABICHE MYLENE NOCUS TOMY MICHEL SYLVAIN 2516903358710001	0,0	200,0				-200,00	EUR
BQ1	Journal de trésorerie - CREDIT MUTUEL	278	20250618	108	Compte de l'exploitant			18J0IMWEAK	20250618	VIR LABICHE MYLENE NOCUS TOMY MICHEL SYLVAIN 2516903358710001	200,0	0,0				200,00	EUR
BQ1	Journal de trésorerie - CREDIT MUTUEL	279	20250618	5121001	Crédit Mutuel - CREDIT MUTUEL SUD OUEST			NOKRIEDEBY	20250618	LCR S A S LES 3 CAVES	0,0	177,85				-177,85	EUR
BQ1	Journal de trésorerie - CREDIT MUTUEL	279	20250618	401	Fournisseurs	4013CAVES	LES 3 CAVES	NOKRIEDEBY	20250618	LCR S A S LES 3 CAVES	177,85	0,0	D	20251010		177,85	EUR
HA	Journal d’achat	280	20250618	4096	Fournisseurs - Créances pour emballages et matériel à rendre			ESHPQFHLS7	20250618	Facture LES 3 CAVES - DUPLICATA FAC 11-20250602051	30,0	0,0				30,00	EUR
HA	Journal d’achat	280	20250618	401	Fournisseurs	4013CAVES	LES 3 CAVES	ESHPQFHLS7	20250618	Facture LES 3 CAVES - DUPLICATA FAC 11-20250602051	0,0	172,24	D	20251010		-172,24	EUR
HA	Journal d’achat	280	20250618	60111	ACHATS MAT 1RES TX REDUIT			ESHPQFHLS7	20250618	Facture LES 3 CAVES - DUPLICATA FAC 11-20250602051	122,3	0,0				122,30	EUR
HA	Journal d’achat	280	20250618	44566	TVA sur autres biens et services			ESHPQFHLS7	20250618	Facture LES 3 CAVES - DUPLICATA FAC 11-20250602051	19,94	0,0				19,94	EUR
BQ1	Journal de trésorerie - CREDIT MUTUEL	281	20250620	5121001	Crédit Mutuel - CREDIT MUTUEL SUD OUEST			ZWYHZUF7UH	20250620	VIR LABICHE MYLENE NOCUS TOMY MICHEL SYLVAIN 2517107512450001	0,0	60,0				-60,00	EUR
BQ1	Journal de trésorerie - CREDIT MUTUEL	281	20250620	108	Compte de l'exploitant			ZWYHZUF7UH	20250620	VIR LABICHE MYLENE NOCUS TOMY MICHEL SYLVAIN 2517107512450001	60,0	0,0				60,00	EUR
BQ1	Journal de trésorerie - CREDIT MUTUEL	282	20250620	5121001	Crédit Mutuel - CREDIT MUTUEL SUD OUEST			63FBX7MAUO	20250620	VIR LABICHE MYLENE NOCUS TOMY MICHEL SYLVAIN 2517106283060001	0,0	100,0				-100,00	EUR
BQ1	Journal de trésorerie - CREDIT MUTUEL	282	20250620	108	Compte de l'exploitant			63FBX7MAUO	20250620	VIR LABICHE MYLENE NOCUS TOMY MICHEL SYLVAIN 2517106283060001	100,0	0,0				100,00	EUR
BQ1	Journal de trésorerie - CREDIT MUTUEL	283	20250622	5121001	Crédit Mutuel - CREDIT MUTUEL SUD OUEST			SZ5VPYVYSW	20250622	VIR LABICHE MYLENE NOCUS TOMY MICHEL SYLVAIN 2517310071350001	0,0	100,0				-100,00	EUR
BQ1	Journal de trésorerie - CREDIT MUTUEL	283	20250622	108	Compte de l'exploitant			SZ5VPYVYSW	20250622	VIR LABICHE MYLENE NOCUS TOMY MICHEL SYLVAIN 2517310071350001	100,0	0,0				100,00	EUR
BQ1	Journal de trésorerie - CREDIT MUTUEL	284	20250623	5121001	Crédit Mutuel - CREDIT MUTUEL SUD OUEST			NIFRCYGIQR	20250623	VIR PAYPAL PTE. LTD. DUFAYS ROMAIN 242795449 2517411712340557	282,27	0,0				282,27	EUR
BQ1	Journal de trésorerie - CREDIT MUTUEL	284	20250623	530	Caisse			NIFRCYGIQR	20250623	VIR PAYPAL PTE. LTD. DUFAYS ROMAIN 242795449 2517411712340557	0,0	282,27				-282,27	EUR
BQ1	Journal de trésorerie - CREDIT MUTUEL	285	20250624	5121001	Crédit Mutuel - CREDIT MUTUEL SUD OUEST			0IV5Z0O8ZL	20250624	VIR LABICHE MYLENE NOCUS TOMY MICHEL SYLVAIN 2517514085520001	0,0	100,0				-100,00	EUR
BQ1	Journal de trésorerie - CREDIT MUTUEL	285	20250624	401	Fournisseurs	401CARREF	CARREFOUR	0IV5Z0O8ZL	20250624	VIR LABICHE MYLENE NOCUS TOMY MICHEL SYLVAIN 2517514085520001	100,0	0,0	DC	20251231		100,00	EUR
BQ1	Journal de trésorerie - CREDIT MUTUEL	286	20250625	5121001	Crédit Mutuel - CREDIT MUTUEL SUD OUEST			K9KDWLLZN1	20250625	VIR LABICHE MYLENE NOCUS TOMY MICHEL SYLVAIN 2517614909530001	0,0	100,0				-100,00	EUR
BQ1	Journal de trésorerie - CREDIT MUTUEL	286	20250625	108	Compte de l'exploitant			K9KDWLLZN1	20250625	VIR LABICHE MYLENE NOCUS TOMY MICHEL SYLVAIN 2517614909530001	100,0	0,0				100,00	EUR
HA	Journal d’achat	287	20250627	60111	ACHATS MAT 1RES TX REDUIT			AJ95BVU2IM	20250627	Facture CARREFOUR - 003	131,72	0,0				131,72	EUR
HA	Journal d’achat	287	20250627	401	Fournisseurs	401CARREF	CARREFOUR	AJ95BVU2IM	20250627	Facture CARREFOUR - 003	0,0	151,76	DC	20251231		-151,76	EUR
HA	Journal d’achat	287	20250627	44566	TVA sur autres biens et services			AJ95BVU2IM	20250627	Facture CARREFOUR - 003	20,04	0,0				20,04	EUR
BQ1	Journal de trésorerie - CREDIT MUTUEL	288	20250627	5121001	Crédit Mutuel - CREDIT MUTUEL SUD OUEST			Y6PRPQ6YWE	20250627	VIR LABICHE MYLENE NOCUS TOMY MICHEL SYLVAIN 2517822523620001	0,0	100,0				-100,00	EUR
BQ1	Journal de trésorerie - CREDIT MUTUEL	288	20250627	108	Compte de l'exploitant			Y6PRPQ6YWE	20250627	VIR LABICHE MYLENE NOCUS TOMY MICHEL SYLVAIN 2517822523620001	100,0	0,0				100,00	EUR
BQ1	Journal de trésorerie - CREDIT MUTUEL	289	20250627	5121001	Crédit Mutuel - CREDIT MUTUEL SUD OUEST			SFXKBR0FO3	20250627	VIR LABICHE MYLENE NOCUS TOMY MICHEL SYLVAIN 2517820898650001	0,0	300,0				-300,00	EUR
BQ1	Journal de trésorerie - CREDIT MUTUEL	289	20250627	108	Compte de l'exploitant			SFXKBR0FO3	20250627	VIR LABICHE MYLENE NOCUS TOMY MICHEL SYLVAIN 2517820898650001	300,0	0,0				300,00	EUR
BQ1	Journal de trésorerie - CREDIT MUTUEL	290	20250627	5121001	Crédit Mutuel - CREDIT MUTUEL SUD OUEST			R6BTSX1DRK	20250627	VIR PAYPAL PTE. LTD. DUFAYS ROMAIN 243201077 2517821695320980	10,81	0,0				10,81	EUR
BQ1	Journal de trésorerie - CREDIT MUTUEL	290	20250627	530	Caisse			R6BTSX1DRK	20250627	VIR PAYPAL PTE. LTD. DUFAYS ROMAIN 243201077 2517821695320980	0,0	10,81				-10,81	EUR
BQ1	Journal de trésorerie - CREDIT MUTUEL	291	20250630	5121001	Crédit Mutuel - CREDIT MUTUEL SUD OUEST			STHIXHS065	20250630	VIR LABICHE MYLENE NOCUS TOMY MICHEL SYLVAIN 2518127853080001	0,0	500,0				-500,00	EUR
BQ1	Journal de trésorerie - CREDIT MUTUEL	291	20250630	108	Compte de l'exploitant			STHIXHS065	20250630	VIR LABICHE MYLENE NOCUS TOMY MICHEL SYLVAIN 2518127853080001	500,0	0,0				500,00	EUR
PA	Journal de Paie	292	20250630	6411	Salaires, appointements			OIQJWLH9MZ	20250630	SALAIRE LABICHE 06/2025	1805,76	0,0				1805,76	EUR
PA	Journal de Paie	292	20250630	6451	Cotisations à l'Urssaf			OIQJWLH9MZ	20250630	SALAIRE LABICHE 06/2025	18,36	0,0				18,36	EUR
PA	Journal de Paie	292	20250630	6453	Cotisations aux caisses de retraites			OIQJWLH9MZ	20250630	SALAIRE LABICHE 06/2025	34,65	0,0				34,65	EUR
PA	Journal de Paie	292	20250630	6452	Cotisations aux mutuelles			OIQJWLH9MZ	20250630	SALAIRE LABICHE 06/2025	34,65	0,0				34,65	EUR
PA	Journal de Paie	292	20250630	421	PERSONNEL REMUNERAT DUES			OIQJWLH9MZ	20250630	SALAIRE LABICHE 06/2025	0,0	1377,33				-1377,33	EUR
PA	Journal de Paie	292	20250630	431	Sécurité sociale			OIQJWLH9MZ	20250630	SALAIRE LABICHE 06/2025	0,0	516,09				-516,09	EUR
BQ1	Journal de trésorerie - CREDIT MUTUEL	293	20250630	5121001	Crédit Mutuel - CREDIT MUTUEL SUD OUEST			BXAS2S3GBM	20250630	PRLV Sysco France SAS /INV/1250383879 5.6.2025/INV/125 2517512631620794 /INV/1250383879 5.6.2025/INV/1250417020 7.6.2025 1501761967 2517512631620794	0,0	1018,61				-1018,61	EUR
BQ1	Journal de trésorerie - CREDIT MUTUEL	293	20250630	401	Fournisseurs	401100015	SYSCO FRANCE SAS	BXAS2S3GBM	20250630	PRLV Sysco France SAS /INV/1250383879 5.6.2025/INV/125 2517512631620794 /INV/1250383879 5.6.2025/INV/1250417020 7.6.2025 1501761967 2517512631620794	1018,61	0,0	DB	20250630		1018,61	EUR
BQ1	Journal de trésorerie - CREDIT MUTUEL	294	20250630	5121001	Crédit Mutuel - CREDIT MUTUEL SUD OUEST			KTUXZPZNFF	20250630	VIR PAYPAL PTE. LTD. DUFAYS ROMAIN 243302606 2518127581690087	311,0	0,0				311,00	EUR
BQ1	Journal de trésorerie - CREDIT MUTUEL	294	20250630	530	Caisse			KTUXZPZNFF	20250630	VIR PAYPAL PTE. LTD. DUFAYS ROMAIN 243302606 2518127581690087	0,0	311,0				-311,00	EUR
HA	Journal d’achat	295	20250701	60111	ACHATS MAT 1RES TX REDUIT			G9VBTVH2PI	20250701	Facture CARREFOUR - 14427758086724	196,25	0,0				196,25	EUR
HA	Journal d’achat	295	20250701	401	Fournisseurs	401CARREF	CARREFOUR	G9VBTVH2PI	20250701	Facture CARREFOUR - 14427758086724	0,0	215,66	DD	20250708		-215,66	EUR
HA	Journal d’achat	295	20250701	44566	TVA sur autres biens et services			G9VBTVH2PI	20250701	Facture CARREFOUR - 14427758086724	19,41	0,0				19,41	EUR
HA	Journal d’achat	296	20250701	60111	ACHATS MAT 1RES TX REDUIT			UI0QKFIQAH	20250701	Facture SYSCO FRANCE SAS - 1250689906	1370,4	0,0				1370,40	EUR
HA	Journal d’achat	296	20250701	401	Fournisseurs	401100015	SYSCO FRANCE SAS	UI0QKFIQAH	20250701	Facture SYSCO FRANCE SAS - 1250689906	0,0	1455,54	DE	20250801		-1455,54	EUR
HA	Journal d’achat	296	20250701	44566	TVA sur autres biens et services			UI0QKFIQAH	20250701	Facture SYSCO FRANCE SAS - 1250689906	85,14	0,0				85,14	EUR
BQ1	Journal de trésorerie - CREDIT MUTUEL	297	20250701	5121001	Crédit Mutuel - CREDIT MUTUEL SUD OUEST			ZWRQPAEW0U	20250701	LOCATION PRO SOLUTION INETGRALE	0,0	12,0				-12,00	EUR
BQ1	Journal de trésorerie - CREDIT MUTUEL	297	20250701	6135	Locations mobilières			ZWRQPAEW0U	20250701	LOCATION PRO SOLUTION INETGRALE	12,0	0,0				12,00	EUR
BQ1	Journal de trésorerie - CREDIT MUTUEL	298	20250702	5121001	Crédit Mutuel - CREDIT MUTUEL SUD OUEST			71FW0JQAIY	20250702	COTISATION EUROCOMPTE PRO	0,0	29,46				-29,46	EUR
BQ1	Journal de trésorerie - CREDIT MUTUEL	298	20250702	627	Services bancaires et assimilés			71FW0JQAIY	20250702	COTISATION EUROCOMPTE PRO	29,46	0,0				29,46	EUR
BQ1	Journal de trésorerie - CREDIT MUTUEL	299	20250702	5121001	Crédit Mutuel - CREDIT MUTUEL SUD OUEST			REBG7A6ZMR	20250702	LCR LES 3 CAVES	0,0	172,24				-172,24	EUR
BQ1	Journal de trésorerie - CREDIT MUTUEL	299	20250702	401	Fournisseurs	4013CAVES	LES 3 CAVES	REBG7A6ZMR	20250702	LCR LES 3 CAVES	172,24	0,0	D	20251010		172,24	EUR
BQ1	Journal de trésorerie - CREDIT MUTUEL	300	20250702	5121001	Crédit Mutuel - CREDIT MUTUEL SUD OUEST			3LAY19T3IV	20250702	VIR PAYPAL PTE. LTD. DUFAYS ROMAIN 243542886 2518334036300684	160,77	0,0				160,77	EUR
BQ1	Journal de trésorerie - CREDIT MUTUEL	300	20250702	530	Caisse			3LAY19T3IV	20250702	VIR PAYPAL PTE. LTD. DUFAYS ROMAIN 243542886 2518334036300684	0,0	160,77				-160,77	EUR
BQ1	Journal de trésorerie - CREDIT MUTUEL	301	20250703	5121001	Crédit Mutuel - CREDIT MUTUEL SUD OUEST			CEDSYZFBGP	20250703	CARTE 01/07 MP*CARREFOUR DAC SARLAT LA CAN MCC 5542 POMPES A EUR 118,43 5137340166584123000	0,0	118,43				-118,43	EUR
BQ1	Journal de trésorerie - CREDIT MUTUEL	301	20250703	401	Fournisseurs	401CARREF	CARREFOUR	CEDSYZFBGP	20250703	CARTE 01/07 MP*CARREFOUR DAC SARLAT LA CAN MCC 5542 POMPES A EUR 118,43 5137340166584123000	118,43	0,0	I	20251231		118,43	EUR
BQ1	Journal de trésorerie - CREDIT MUTUEL	302	20250703	5121001	Crédit Mutuel - CREDIT MUTUEL SUD OUEST			VSVZVUUEEI	20250703	VIR LABICHE MYLENE NOCUS TOMY MICHEL SYLVAIN 2518437509450001	0,0	510,0				-510,00	EUR
BQ1	Journal de trésorerie - CREDIT MUTUEL	302	20250703	108	Compte de l'exploitant			VSVZVUUEEI	20250703	VIR LABICHE MYLENE NOCUS TOMY MICHEL SYLVAIN 2518437509450001	510,0	0,0				510,00	EUR
BQ1	Journal de trésorerie - CREDIT MUTUEL	303	20250703	5121001	Crédit Mutuel - CREDIT MUTUEL SUD OUEST			GZL3WZZ1PK	20250703	VIR PAYPAL PTE. LTD. DUFAYS ROMAIN 243632242 2518436843040464	41,85	0,0				41,85	EUR
BQ1	Journal de trésorerie - CREDIT MUTUEL	303	20250703	530	Caisse			GZL3WZZ1PK	20250703	VIR PAYPAL PTE. LTD. DUFAYS ROMAIN 243632242 2518436843040464	0,0	41,85				-41,85	EUR
BQ1	Journal de trésorerie - CREDIT MUTUEL	304	20250704	5121001	Crédit Mutuel - CREDIT MUTUEL SUD OUEST			KUIPQOTOBS	20250704	CARTE 02/07 NAZARI ALIMENTA SARLAT LA CAN MCC 5411 HYPERMAR EUR 33,95 5137340166584123000	0,0	33,95				-33,95	EUR
BQ1	Journal de trésorerie - CREDIT MUTUEL	304	20250704	618	Divers			KUIPQOTOBS	20250704	CARTE 02/07 NAZARI ALIMENTA SARLAT LA CAN MCC 5411 HYPERMAR EUR 33,95 5137340166584123000	33,95	0,0				33,95	EUR
HA	Journal d’achat	305	20250704	4096	Fournisseurs - Créances pour emballages et matériel à rendre			RMU3QZZCZF	20250704	Facture LES 3 CAVES - DUPLICATA FAC 11-20250700931	60,0	0,0				60,00	EUR
HA	Journal d’achat	305	20250704	401	Fournisseurs	4013CAVES	LES 3 CAVES	RMU3QZZCZF	20250704	Facture LES 3 CAVES - DUPLICATA FAC 11-20250700931	0,0	215,46	D	20251010		-215,46	EUR
HA	Journal d’achat	305	20250704	6011300009	ACHATS MAT 1RES TX NORMAL (TVA 20%)			RMU3QZZCZF	20250704	Facture LES 3 CAVES - DUPLICATA FAC 11-20250700931	129,55	0,0				129,55	EUR
HA	Journal d’achat	305	20250704	44566	TVA sur autres biens et services			RMU3QZZCZF	20250704	Facture LES 3 CAVES - DUPLICATA FAC 11-20250700931	25,91	0,0				25,91	EUR
HA	Journal d’achat	306	20250704	60111	ACHATS MAT 1RES TX REDUIT			ZHJWS3FRSV	20250704	Facture INTERMARCHE - :51850302342	97,38	0,0				97,38	EUR
HA	Journal d’achat	306	20250704	401	Fournisseurs	401INTERM	INTERMARCHE	ZHJWS3FRSV	20250704	Facture INTERMARCHE - :51850302342	0,0	105,71	DF	20250705		-105,71	EUR
HA	Journal d’achat	306	20250704	44566	TVA sur autres biens et services			ZHJWS3FRSV	20250704	Facture INTERMARCHE - :51850302342	8,33	0,0				8,33	EUR
BQ1	Journal de trésorerie - CREDIT MUTUEL	307	20250704	5121001	Crédit Mutuel - CREDIT MUTUEL SUD OUEST			VKVCZIH1T6	20250704	VIR PAYPAL PTE. LTD. DUFAYS ROMAIN 243726410 2518539556510672	87,54	0,0				87,54	EUR
BQ1	Journal de trésorerie - CREDIT MUTUEL	307	20250704	530	Caisse			VKVCZIH1T6	20250704	VIR PAYPAL PTE. LTD. DUFAYS ROMAIN 243726410 2518539556510672	0,0	87,54				-87,54	EUR
HA	Journal d’achat	308	20250705	6226100009	HONORAIRES COMPTABLES (TVA 20%)			I8E4H75PHQ	20250705	Facture LATUDE EXPERTISE & CONSEIL - F-2025-0779	250,0	0,0				250,00	EUR
HA	Journal d’achat	308	20250705	401	Fournisseurs	401100018	LATUDE EXPERTISE & CONSEIL	I8E4H75PHQ	20250705	Facture LATUDE EXPERTISE & CONSEIL - F-2025-0779	0,0	300,0	CZ	20250715		-300,00	EUR
HA	Journal d’achat	308	20250705	4456400009	TVA déductible sur encaissements (TVA 20%)			I8E4H75PHQ	20250705	Facture LATUDE EXPERTISE & CONSEIL - F-2025-0779	50,0	0,0	DG	20250715		50,00	EUR
HA	Journal d’achat	309	20250705	6011100006	ACHATS MAT 1RES TX REDUIT (TVA 5.5%)			UIF4UQLSTL	20250705	Facture SYSCO FRANCE SAS - 1250749835	173,9	0,0				173,90	EUR
HA	Journal d’achat	309	20250705	401	Fournisseurs	401100015	SYSCO FRANCE SAS	UIF4UQLSTL	20250705	Facture SYSCO FRANCE SAS - 1250749835	0,0	183,46	DE	20250801		-183,46	EUR
HA	Journal d’achat	309	20250705	44566	TVA sur autres biens et services			UIF4UQLSTL	20250705	Facture SYSCO FRANCE SAS - 1250749835	9,56	0,0				9,56	EUR
HA	Journal d’achat	310	20250705	6011100006	ACHATS MAT 1RES TX REDUIT (TVA 5.5%)			3WBB0FBMWJ	20250705	Facture SYSCO FRANCE SAS - 1250752347	150,41	0,0				150,41	EUR
HA	Journal d’achat	310	20250705	401	Fournisseurs	401100015	SYSCO FRANCE SAS	3WBB0FBMWJ	20250705	Facture SYSCO FRANCE SAS - 1250752347	0,0	158,68	DE	20250801		-158,68	EUR
HA	Journal d’achat	310	20250705	44566	TVA sur autres biens et services			3WBB0FBMWJ	20250705	Facture SYSCO FRANCE SAS - 1250752347	8,27	0,0				8,27	EUR
BQ1	Journal de trésorerie - CREDIT MUTUEL	311	20250705	5121001	Crédit Mutuel - CREDIT MUTUEL SUD OUEST			VRYJQRFOMC	20250705	CARTE 04/07 INTERMARCHE SALIGNAC EYVI MCC 5331 SUPERMAR EUR 105,71 5137340166584123000	0,0	105,71				-105,71	EUR
BQ1	Journal de trésorerie - CREDIT MUTUEL	311	20250705	401	Fournisseurs	401INTERM	INTERMARCHE	VRYJQRFOMC	20250705	CARTE 04/07 INTERMARCHE SALIGNAC EYVI MCC 5331 SUPERMAR EUR 105,71 5137340166584123000	105,71	0,0	DF	20250705		105,71	EUR
VT	Journal de vente	312	20250706	7012000009	RECETTES 20% (TVA 20%)			Z0HAPOSXXL	20250706	Facture SumUp - 8856448350	0,0	4,58				-4,58	EUR
VT	Journal de vente	312	20250706	411	Clients	411100004	SumUp	Z0HAPOSXXL	20250706	Facture SumUp - 8856448350	11,1	0,0	DH	20250709		11,10	EUR
VT	Journal de vente	312	20250706	44571009	TVA collectée à 20%			Z0HAPOSXXL	20250706	Facture SumUp - 8856448350	0,0	0,92				-0,92	EUR
VT	Journal de vente	312	20250706	7011000008	RECETTES 10% (TVA 10%)			Z0HAPOSXXL	20250706	Facture SumUp - 8856448350	0,0	5,09				-5,09	EUR
VT	Journal de vente	312	20250706	44571008	TVA collectée à 10%			Z0HAPOSXXL	20250706	Facture SumUp - 8856448350	0,0	0,51				-0,51	EUR
HA	Journal d’achat	313	20250707	60111	ACHATS MAT 1RES TX REDUIT			ISLC0QVTB5	20250707	Facture CARREFOUR - 19427758086726	281,36	0,0				281,36	EUR
HA	Journal d’achat	313	20250707	401	Fournisseurs	401CARREF	CARREFOUR	ISLC0QVTB5	20250707	Facture CARREFOUR - 19427758086726	0,0	327,75	DI	20251231		-327,75	EUR
HA	Journal d’achat	313	20250707	44566	TVA sur autres biens et services			ISLC0QVTB5	20250707	Facture CARREFOUR - 19427758086726	46,39	0,0				46,39	EUR
BQ1	Journal de trésorerie - CREDIT MUTUEL	314	20250707	5121001	Crédit Mutuel - CREDIT MUTUEL SUD OUEST			MM0OZEXI8E	20250707	PRLV NOVELIA AVP NOVELIA 2518538461720736 AVP NOVELIA 10126704 2518538461720736	0,0	110,33				-110,33	EUR
BQ1	Journal de trésorerie - CREDIT MUTUEL	314	20250707	401	Fournisseurs	401100025	ASU GROUPE TVA KEREIS	MM0OZEXI8E	20250707	PRLV NOVELIA AVP NOVELIA 2518538461720736 AVP NOVELIA 10126704 2518538461720736	110,33	0,0				110,33	EUR
RT	Journal des récupération de TVA	315	20250707	44564	TVA déductible sur encaissements			SB33AESNLS	20250707	PRLV NOVELIA AVP NOVELIA 2518538461720736 AVP NOVELIA 10126704 2518538461720736	0,0	0,09				-0,09	EUR
RT	Journal des récupération de TVA	315	20250707	44566	TVA sur autres biens et services			SB33AESNLS	20250707	PRLV NOVELIA AVP NOVELIA 2518538461720736 AVP NOVELIA 10126704 2518538461720736	0,09	0,0				0,09	EUR
BQ1	Journal de trésorerie - CREDIT MUTUEL	316	20250707	5121001	Crédit Mutuel - CREDIT MUTUEL SUD OUEST			XBIIA8LJIY	20250707	REM 1 CHQ BORNE SARLAT	1594,02	0,0				1594,02	EUR
BQ1	Journal de trésorerie - CREDIT MUTUEL	316	20250707	411	Clients	411100002	Christophe (Motard)	XBIIA8LJIY	20250707	REM 1 CHQ BORNE SARLAT	0,0	1594,02	CM	20250707		-1594,02	EUR
BQ1	Journal de trésorerie - CREDIT MUTUEL	317	20250707	5121001	Crédit Mutuel - CREDIT MUTUEL SUD OUEST			BMT7ZLZSNM	20250707	REM 1 CHQ BORNE SARLAT	120,0	0,0				120,00	EUR
BQ1	Journal de trésorerie - CREDIT MUTUEL	317	20250707	530	Caisse			BMT7ZLZSNM	20250707	REM 1 CHQ BORNE SARLAT	0,0	120,0				-120,00	EUR
HA	Journal d’achat	318	20250707	60111	ACHATS MAT 1RES TX REDUIT			R57YQXYTZC	20250707	Facture LES 3 CAVES - DUPLICATA FAC 11-20250700956	1137,17	0,0				1137,17	EUR
HA	Journal d’achat	318	20250707	401	Fournisseurs	4013CAVES	LES 3 CAVES	R57YQXYTZC	20250707	Facture LES 3 CAVES - DUPLICATA FAC 11-20250700956	0,0	1683,25	D	20251010		-1683,25	EUR
HA	Journal d’achat	318	20250707	44566	TVA sur autres biens et services			R57YQXYTZC	20250707	Facture LES 3 CAVES - DUPLICATA FAC 11-20250700956	221,08	0,0				221,08	EUR
HA	Journal d’achat	318	20250707	4096	Fournisseurs - Créances pour emballages et matériel à rendre			R57YQXYTZC	20250707	Facture LES 3 CAVES - DUPLICATA FAC 11-20250700956	325,0	0,0				325,00	EUR
BQ1	Journal de trésorerie - CREDIT MUTUEL	319	20250707	5121001	Crédit Mutuel - CREDIT MUTUEL SUD OUEST			86HWWK3BBZ	20250707	VIR PAYPAL PTE. LTD. DUFAYS ROMAIN 243860224 2518845109850410	346,82	0,0				346,82	EUR
BQ1	Journal de trésorerie - CREDIT MUTUEL	319	20250707	530	Caisse			86HWWK3BBZ	20250707	VIR PAYPAL PTE. LTD. DUFAYS ROMAIN 243860224 2518845109850410	0,0	346,82				-346,82	EUR
BQ1	Journal de trésorerie - CREDIT MUTUEL	320	20250707	5121001	Crédit Mutuel - CREDIT MUTUEL SUD OUEST			RYTZJU4B2Q	20250707	PRLV URSSAF D'AQUITAINE UR 727000000657515045 JUIL253 2518539212580327 UR 727000000657515045 JUIL25325316099698070725 RD677272507022058325316099698000280 2518539212580327	0,0	276,0				-276,00	EUR
BQ1	Journal de trésorerie - CREDIT MUTUEL	320	20250707	6460000003	Cotisations sociales personnelles de l'exploitant (Pas de TVA)			RYTZJU4B2Q	20250707	PRLV URSSAF D'AQUITAINE UR 727000000657515045 JUIL253 2518539212580327 UR 727000000657515045 JUIL25325316099698070725 RD677272507022058325316099698000280 2518539212580327	276,0	0,0				276,00	EUR
BQ1	Journal de trésorerie - CREDIT MUTUEL	321	20250708	5121001	Crédit Mutuel - CREDIT MUTUEL SUD OUEST			44MLXCVFXR	20250708	CARTE 07/07 CARREFOURMARKET SARLAT LA CAN MCC 5411 HYPERMAR EUR 215,66 5137340166584123000	0,0	215,66				-215,66	EUR
BQ1	Journal de trésorerie - CREDIT MUTUEL	321	20250708	401	Fournisseurs	401CARREF	CARREFOUR	44MLXCVFXR	20250708	CARTE 07/07 CARREFOURMARKET SARLAT LA CAN MCC 5411 HYPERMAR EUR 215,66 5137340166584123000	215,66	0,0	DD	20250708		215,66	EUR
BQ1	Journal de trésorerie - CREDIT MUTUEL	322	20250708	5121001	Crédit Mutuel - CREDIT MUTUEL SUD OUEST			BL8IFIDVWP	20250708	CARTE 07/07 CARREFOURMARKET SARLAT LA CAN MCC 5411 HYPERMAR EUR 222,75 5137340166584123000	0,0	222,75				-222,75	EUR
BQ1	Journal de trésorerie - CREDIT MUTUEL	322	20250708	401	Fournisseurs	401CARREF	CARREFOUR	BL8IFIDVWP	20250708	CARTE 07/07 CARREFOURMARKET SARLAT LA CAN MCC 5411 HYPERMAR EUR 222,75 5137340166584123000	222,75	0,0	DI	20251231		222,75	EUR
VT	Journal de vente	323	20250708	7011000008	RECETTES 10% (TVA 10%)			CTSDPOVK4R	20250708	Facture SumUp - 8867740079	0,0	2,55				-2,55	EUR
VT	Journal de vente	323	20250708	411	Clients	411100004	SumUp	CTSDPOVK4R	20250708	Facture SumUp - 8867740079	2,8	0,0	DH	20250709		2,80	EUR
VT	Journal de vente	323	20250708	44571008	TVA collectée à 10%			CTSDPOVK4R	20250708	Facture SumUp - 8867740079	0,0	0,25				-0,25	EUR
VT	Journal de vente	324	20250708	7011000008	RECETTES 10% (TVA 10%)			8VLRPUY65S	20250708	Facture SumUp - 8869544133	0,0	61,82				-61,82	EUR
VT	Journal de vente	324	20250708	411	Clients	411100004	SumUp	8VLRPUY65S	20250708	Facture SumUp - 8869544133	68,0	0,0	DH	20250709		68,00	EUR
VT	Journal de vente	324	20250708	44571008	TVA collectée à 10%			8VLRPUY65S	20250708	Facture SumUp - 8869544133	0,0	6,18				-6,18	EUR
VT	Journal de vente	325	20250708	7011000008	RECETTES 10% (TVA 10%)			DIXHGQTFBZ	20250708	Facture SumUp - 8868958073	0,0	4,55				-4,55	EUR
VT	Journal de vente	325	20250708	411	Clients	411100004	SumUp	DIXHGQTFBZ	20250708	Facture SumUp - 8868958073	5,0	0,0	DH	20250709		5,00	EUR
VT	Journal de vente	325	20250708	44571008	TVA collectée à 10%			DIXHGQTFBZ	20250708	Facture SumUp - 8868958073	0,0	0,45				-0,45	EUR
VT	Journal de vente	326	20250708	7012000009	RECETTES 20% (TVA 20%)			C9QISR0HW5	20250708	Facture SumUp - 8869616979	0,0	66,08				-66,08	EUR
VT	Journal de vente	326	20250708	411	Clients	411100004	SumUp	C9QISR0HW5	20250708	Facture SumUp - 8869616979	80,8	0,0	DH	20250709		80,80	EUR
VT	Journal de vente	326	20250708	44571009	TVA collectée à 20%			C9QISR0HW5	20250708	Facture SumUp - 8869616979	0,0	13,22				-13,22	EUR
VT	Journal de vente	326	20250708	7011000008	RECETTES 10% (TVA 10%)			C9QISR0HW5	20250708	Facture SumUp - 8869616979	0,0	1,36				-1,36	EUR
VT	Journal de vente	326	20250708	44571008	TVA collectée à 10%			C9QISR0HW5	20250708	Facture SumUp - 8869616979	0,0	0,14				-0,14	EUR
BQ1	Journal de trésorerie - CREDIT MUTUEL	327	20250708	5121001	Crédit Mutuel - CREDIT MUTUEL SUD OUEST			3S9Z3MDBLJ	20250708	VIR LABICHE MYLENE NOCUS TOMY MICHEL SYLVAIN 2518948393360001	0,0	400,0				-400,00	EUR
BQ1	Journal de trésorerie - CREDIT MUTUEL	327	20250708	108	Compte de l'exploitant			3S9Z3MDBLJ	20250708	VIR LABICHE MYLENE NOCUS TOMY MICHEL SYLVAIN 2518948393360001	400,0	0,0				400,00	EUR
BQ1	Journal de trésorerie - CREDIT MUTUEL	328	20250708	5121001	Crédit Mutuel - CREDIT MUTUEL SUD OUEST			T20MSRZS5B	20250708	VIR LABICHE MYLENE NOCUS TOMY MICHEL SYLVAIN 2518948608690001	0,0	500,0				-500,00	EUR
BQ1	Journal de trésorerie - CREDIT MUTUEL	328	20250708	108	Compte de l'exploitant			T20MSRZS5B	20250708	VIR LABICHE MYLENE NOCUS TOMY MICHEL SYLVAIN 2518948608690001	500,0	0,0				500,00	EUR
BQ1	Journal de trésorerie - CREDIT MUTUEL	329	20250708	5121001	Crédit Mutuel - CREDIT MUTUEL SUD OUEST			PG2M94MFPS	20250708	VIR PAYPAL PTE. LTD. DUFAYS ROMAIN 243969702 2518947788640162	406,47	0,0				406,47	EUR
BQ1	Journal de trésorerie - CREDIT MUTUEL	329	20250708	530	Caisse			PG2M94MFPS	20250708	VIR PAYPAL PTE. LTD. DUFAYS ROMAIN 243969702 2518947788640162	0,0	406,47				-406,47	EUR
VT	Journal de vente	330	20250709	7012000009	RECETTES 20% (TVA 20%)			QUK5XJY9Y2	20250709	Facture SumUp - 8875828229	0,0	7,08				-7,08	EUR
VT	Journal de vente	330	20250709	411	Clients	411100004	SumUp	QUK5XJY9Y2	20250709	Facture SumUp - 8875828229	8,5	0,0	DH	20250709		8,50	EUR
VT	Journal de vente	330	20250709	44571009	TVA collectée à 20%			QUK5XJY9Y2	20250709	Facture SumUp - 8875828229	0,0	1,42				-1,42	EUR
VT	Journal de vente	331	20250709	7011000008	RECETTES 10% (TVA 10%)			TCQMP6F5VE	20250709	Facture SumUp - 8871913210	0,0	1,36				-1,36	EUR
VT	Journal de vente	331	20250709	411	Clients	411100004	SumUp	TCQMP6F5VE	20250709	Facture SumUp - 8871913210	1,5	0,0	DH	20250709		1,50	EUR
VT	Journal de vente	331	20250709	44571008	TVA collectée à 10%			TCQMP6F5VE	20250709	Facture SumUp - 8871913210	0,0	0,14				-0,14	EUR
VT	Journal de vente	332	20250709	7011000008	RECETTES 10% (TVA 10%)			LIOD6PD4XZ	20250709	Facture SumUp - 8876102329	0,0	2,55				-2,55	EUR
VT	Journal de vente	332	20250709	411	Clients	411100004	SumUp	LIOD6PD4XZ	20250709	Facture SumUp - 8876102329	2,8	0,0	DH	20250709		2,80	EUR
VT	Journal de vente	332	20250709	44571008	TVA collectée à 10%			LIOD6PD4XZ	20250709	Facture SumUp - 8876102329	0,0	0,25				-0,25	EUR
VT	Journal de vente	333	20250709	7012000009	RECETTES 20% (TVA 20%)			8G5WBQWYBZ	20250709	Facture SumUp - 8876045716	0,0	4,58				-4,58	EUR
VT	Journal de vente	333	20250709	411	Clients	411100004	SumUp	8G5WBQWYBZ	20250709	Facture SumUp - 8876045716	5,5	0,0	DH	20250709		5,50	EUR
VT	Journal de vente	333	20250709	44571009	TVA collectée à 20%			8G5WBQWYBZ	20250709	Facture SumUp - 8876045716	0,0	0,92				-0,92	EUR
VT	Journal de vente	334	20250709	7011000008	RECETTES 10% (TVA 10%)			E0HPT0ZGWQ	20250709	Facture SumUp - 8873753084	0,0	5,09				-5,09	EUR
VT	Journal de vente	334	20250709	411	Clients	411100004	SumUp	E0HPT0ZGWQ	20250709	Facture SumUp - 8873753084	5,6	0,0	DH	20250709		5,60	EUR
VT	Journal de vente	334	20250709	44571008	TVA collectée à 10%			E0HPT0ZGWQ	20250709	Facture SumUp - 8873753084	0,0	0,51				-0,51	EUR
VT	Journal de vente	335	20250709	7012000009	RECETTES 20% (TVA 20%)			W5OIPJSWTL	20250709	Facture SumUp - 8876108362	0,0	22,77				-22,77	EUR
VT	Journal de vente	335	20250709	411	Clients	411100004	SumUp	W5OIPJSWTL	20250709	Facture SumUp - 8876108362	30,4	0,0	DH	20250709		30,40	EUR
VT	Journal de vente	335	20250709	44571009	TVA collectée à 20%			W5OIPJSWTL	20250709	Facture SumUp - 8876108362	0,0	4,55				-4,55	EUR
VT	Journal de vente	335	20250709	7011000008	RECETTES 10% (TVA 10%)			W5OIPJSWTL	20250709	Facture SumUp - 8876108362	0,0	2,8				-2,80	EUR
VT	Journal de vente	335	20250709	44571008	TVA collectée à 10%			W5OIPJSWTL	20250709	Facture SumUp - 8876108362	0,0	0,28				-0,28	EUR
VT	Journal de vente	336	20250709	7012000009	RECETTES 20% (TVA 20%)			YTDDEYP3ZT	20250709	Facture SumUp - 8876020183	0,0	8,0				-8,00	EUR
VT	Journal de vente	336	20250709	411	Clients	411100004	SumUp	YTDDEYP3ZT	20250709	Facture SumUp - 8876020183	9,6	0,0	DH	20250709		9,60	EUR
VT	Journal de vente	336	20250709	44571009	TVA collectée à 20%			YTDDEYP3ZT	20250709	Facture SumUp - 8876020183	0,0	1,6				-1,60	EUR
VT	Journal de vente	337	20250709	7012000009	RECETTES 20% (TVA 20%)			EGWBABJOMS	20250709	Facture SumUp - 8876095365	0,0	10,25				-10,25	EUR
VT	Journal de vente	337	20250709	411	Clients	411100004	SumUp	EGWBABJOMS	20250709	Facture SumUp - 8876095365	12,3	0,0	DH	20250709		12,30	EUR
VT	Journal de vente	337	20250709	44571009	TVA collectée à 20%			EGWBABJOMS	20250709	Facture SumUp - 8876095365	0,0	2,05				-2,05	EUR
BQ1	Journal de trésorerie - CREDIT MUTUEL	338	20250709	5121001	Crédit Mutuel - CREDIT MUTUEL SUD OUEST			T314KPPKAB	20250709	CARTE 08/07 LA HALLE CREPINO SAINT CREPIN MCC 5331 SUPERMAR EUR 54,67 5137340166584123000	0,0	54,67				-54,67	EUR
BQ1	Journal de trésorerie - CREDIT MUTUEL	338	20250709	401	Fournisseurs	401HALLE	LA HALLE CREPINOISE	T314KPPKAB	20250709	CARTE 08/07 LA HALLE CREPINO SAINT CREPIN MCC 5331 SUPERMAR EUR 54,67 5137340166584123000	54,67	0,0	R	20251231		54,67	EUR
BQ1	Journal de trésorerie - CREDIT MUTUEL	339	20250709	5121001	Crédit Mutuel - CREDIT MUTUEL SUD OUEST			0ASPQYRTEK	20250709	CARTE 08/07 INTERMARCHE SS C SALIGNAC EYVI MCC 5331 SUPERMAR EUR 3,57 5137340166584123000	0,0	3,57				-3,57	EUR
BQ1	Journal de trésorerie - CREDIT MUTUEL	339	20250709	401	Fournisseurs	401INTERM	INTERMARCHE	0ASPQYRTEK	20250709	CARTE 08/07 INTERMARCHE SS C SALIGNAC EYVI MCC 5331 SUPERMAR EUR 3,57 5137340166584123000	3,57	0,0	J	20251231		3,57	EUR
OD	Journal des opérations diverses	340	20250709	411	Clients	411100004	SumUp	9I49FQUV1I	20250709	RGT espèce	0,0	246,4	DH	20250709		-246,40	EUR
OD	Journal des opérations diverses	340	20250709	530	Caisse			9I49FQUV1I	20250709	RGT espèce	246,4	0,0				246,40	EUR
VT	Journal de vente	341	20250709	7013000006	VENTES 5.5% (TVA 5.5%)			GFL8FEGCBK	20250709	Facture SumUp - 8873591777	0,0	2,37				-2,37	EUR
VT	Journal de vente	341	20250709	411	Clients	411100004	SumUp	GFL8FEGCBK	20250709	Facture SumUp - 8873591777	2,5	0,0	DH	20250709		2,50	EUR
VT	Journal de vente	341	20250709	44571006	TVA collectée à 5.5%			GFL8FEGCBK	20250709	Facture SumUp - 8873591777	0,0	0,13				-0,13	EUR
BQ1	Journal de trésorerie - CREDIT MUTUEL	342	20250709	5121001	Crédit Mutuel - CREDIT MUTUEL SUD OUEST			3WEPHVYYGW	20250709	VIR PAYPAL PTE. LTD. DUFAYS ROMAIN 244051286 2519050460920260	680,18	0,0				680,18	EUR
BQ1	Journal de trésorerie - CREDIT MUTUEL	342	20250709	530	Caisse			3WEPHVYYGW	20250709	VIR PAYPAL PTE. LTD. DUFAYS ROMAIN 244051286 2519050460920260	0,0	680,18				-680,18	EUR
BQ1	Journal de trésorerie - CREDIT MUTUEL	343	20250710	5121001	Crédit Mutuel - CREDIT MUTUEL SUD OUEST			WHMK482MGN	20250710	VIR PAYPAL PTE. LTD. DUFAYS ROMAIN 244143242 2519152779450700	164,24	0,0				164,24	EUR
BQ1	Journal de trésorerie - CREDIT MUTUEL	343	20250710	530	Caisse			WHMK482MGN	20250710	VIR PAYPAL PTE. LTD. DUFAYS ROMAIN 244143242 2519152779450700	0,0	164,24				-164,24	EUR
BQ1	Journal de trésorerie - CREDIT MUTUEL	344	20250711	5121001	Crédit Mutuel - CREDIT MUTUEL SUD OUEST			CB6JR7RFKO	20250711	CARTE 10/07 LA HALLE CREPINO SAINT CREPIN MCC 5331 SUPERMAR EUR 51,40 5137340166584123000	0,0	51,4				-51,40	EUR
BQ1	Journal de trésorerie - CREDIT MUTUEL	344	20250711	401	Fournisseurs	401HALLE	LA HALLE CREPINOISE	CB6JR7RFKO	20250711	CARTE 10/07 LA HALLE CREPINO SAINT CREPIN MCC 5331 SUPERMAR EUR 51,40 5137340166584123000	51,4	0,0	R	20251231		51,40	EUR
BQ1	Journal de trésorerie - CREDIT MUTUEL	345	20250711	5121001	Crédit Mutuel - CREDIT MUTUEL SUD OUEST			ULEVYMPGHV	20250711	COMM. DE DECOUVERT TRIM 02	0,0	0,31				-0,31	EUR
BQ1	Journal de trésorerie - CREDIT MUTUEL	345	20250711	6270000003	Services bancaires et assimilés (Pas de TVA)			ULEVYMPGHV	20250711	COMM. DE DECOUVERT TRIM 02	0,31	0,0				0,31	EUR
BQ1	Journal de trésorerie - CREDIT MUTUEL	346	20250711	5121001	Crédit Mutuel - CREDIT MUTUEL SUD OUEST			RJN8FUFHFS	20250711	COMM. D'ENGAGEMENT TRIM 02	0,0	2,49				-2,49	EUR
BQ1	Journal de trésorerie - CREDIT MUTUEL	346	20250711	6270000003	Services bancaires et assimilés (Pas de TVA)			RJN8FUFHFS	20250711	COMM. D'ENGAGEMENT TRIM 02	2,49	0,0				2,49	EUR
BQ1	Journal de trésorerie - CREDIT MUTUEL	347	20250711	5121001	Crédit Mutuel - CREDIT MUTUEL SUD OUEST			6KTZMLRGWY	20250711	COMM. DE MOUVEMENT TRIM 02	0,0	11,25				-11,25	EUR
BQ1	Journal de trésorerie - CREDIT MUTUEL	347	20250711	6270000003	Services bancaires et assimilés (Pas de TVA)			6KTZMLRGWY	20250711	COMM. DE MOUVEMENT TRIM 02	11,25	0,0				11,25	EUR
BQ1	Journal de trésorerie - CREDIT MUTUEL	348	20250711	5121001	Crédit Mutuel - CREDIT MUTUEL SUD OUEST			YUFCMXFI6X	20250711	INT DEB TRIM 02 TEG 19,2271	0,0	0,3				-0,30	EUR
BQ1	Journal de trésorerie - CREDIT MUTUEL	348	20250711	627	Services bancaires et assimilés			YUFCMXFI6X	20250711	INT DEB TRIM 02 TEG 19,2271	0,3	0,0				0,30	EUR
BQ1	Journal de trésorerie - CREDIT MUTUEL	349	20250711	5121001	Crédit Mutuel - CREDIT MUTUEL SUD OUEST			5GY2CU1VRP	20250711	VIR PAYPAL PTE. LTD. DUFAYS ROMAIN 244239206 2519255186760807	322,45	0,0				322,45	EUR
BQ1	Journal de trésorerie - CREDIT MUTUEL	349	20250711	530	Caisse			5GY2CU1VRP	20250711	VIR PAYPAL PTE. LTD. DUFAYS ROMAIN 244239206 2519255186760807	0,0	322,45				-322,45	EUR
HA	Journal d’achat	350	20250712	6011100006	ACHATS MAT 1RES TX REDUIT (TVA 5.5%)			B0KF8Z0VWG	20250712	Avoir SYSCO FRANCE SAS - 1250835663	0,0	16,4				-16,40	EUR
HA	Journal d’achat	350	20250712	401	Fournisseurs	401100015	SYSCO FRANCE SAS	B0KF8Z0VWG	20250712	Avoir SYSCO FRANCE SAS - 1250835663	17,3	0,0	DE	20250801		17,30	EUR
HA	Journal d’achat	350	20250712	44566	TVA sur autres biens et services			B0KF8Z0VWG	20250712	Avoir SYSCO FRANCE SAS - 1250835663	0,0	0,9				-0,90	EUR
HA	Journal d’achat	351	20250712	6011100006	ACHATS MAT 1RES TX REDUIT (TVA 5.5%)			88J0Q2T0ZR	20250712	Facture SYSCO FRANCE SAS - 1250832822	483,42	0,0				483,42	EUR
HA	Journal d’achat	351	20250712	401	Fournisseurs	401100015	SYSCO FRANCE SAS	88J0Q2T0ZR	20250712	Facture SYSCO FRANCE SAS - 1250832822	0,0	510,01	DE	20250801		-510,01	EUR
HA	Journal d’achat	351	20250712	44566	TVA sur autres biens et services			88J0Q2T0ZR	20250712	Facture SYSCO FRANCE SAS - 1250832822	26,59	0,0				26,59	EUR
HA	Journal d’achat	352	20250714	6135000009	Locations mobilières (TVA 20%)			YSXLPEJGIE	20250714	Facture SUMUP - 1380013978	29,0	0,0				29,00	EUR
HA	Journal d’achat	352	20250714	401	Fournisseurs	401100024	SUMUP	YSXLPEJGIE	20250714	Facture SUMUP - 1380013978	0,0	34,8	DJ	20250716		-34,80	EUR
HA	Journal d’achat	352	20250714	4456400009	TVA déductible sur encaissements (TVA 20%)			YSXLPEJGIE	20250714	Facture SUMUP - 1380013978	5,8	0,0	DK	20250716		5,80	EUR
BQ1	Journal de trésorerie - CREDIT MUTUEL	353	20250714	5121001	Crédit Mutuel - CREDIT MUTUEL SUD OUEST			T4BQDJPPWV	20250714	VIR LABICHE MYLENE NOCUS TOMY MICHEL SYLVAIN 2519559338660001	0,0	500,0				-500,00	EUR
BQ1	Journal de trésorerie - CREDIT MUTUEL	353	20250714	108	Compte de l'exploitant			T4BQDJPPWV	20250714	VIR LABICHE MYLENE NOCUS TOMY MICHEL SYLVAIN 2519559338660001	500,0	0,0				500,00	EUR
HA	Journal d’achat	354	20250714	60111	ACHATS MAT 1RES TX REDUIT			JMFADJTDKT	20250714	Facture LA HALLE CREPINOISE - 4-00021026	27,26	0,0				27,26	EUR
HA	Journal d’achat	354	20250714	401	Fournisseurs	401HALLE	LA HALLE CREPINOISE	JMFADJTDKT	20250714	Facture LA HALLE CREPINOISE - 4-00021026	0,0	28,76	DL	20250716		-28,76	EUR
HA	Journal d’achat	354	20250714	44566	TVA sur autres biens et services			JMFADJTDKT	20250714	Facture LA HALLE CREPINOISE - 4-00021026	1,5	0,0				1,50	EUR
BQ1	Journal de trésorerie - CREDIT MUTUEL	355	20250714	5121001	Crédit Mutuel - CREDIT MUTUEL SUD OUEST			CBFTXS3VHW	20250714	VIR PAYPAL PTE. LTD. DUFAYS ROMAIN 244364448 2519559314000656	1309,98	0,0				1309,98	EUR
BQ1	Journal de trésorerie - CREDIT MUTUEL	355	20250714	530	Caisse			CBFTXS3VHW	20250714	VIR PAYPAL PTE. LTD. DUFAYS ROMAIN 244364448 2519559314000656	0,0	1309,98				-1309,98	EUR
BQ1	Journal de trésorerie - CREDIT MUTUEL	356	20250715	5121001	Crédit Mutuel - CREDIT MUTUEL SUD OUEST			YIOJVRJRHI	20250715	VIR INST LATUDE EXPERTISE CONSE NOCUS TOMY MICHEL SYLVAIN - LE PIGEONNIER F-2025-0779 F-2025-0779 25196IP1RT177748864	0,0	600,0				-600,00	EUR
BQ1	Journal de trésorerie - CREDIT MUTUEL	356	20250715	401	Fournisseurs	401100018	LATUDE EXPERTISE & CONSEIL	YIOJVRJRHI	20250715	VIR INST LATUDE EXPERTISE CONSE NOCUS TOMY MICHEL SYLVAIN - LE PIGEONNIER F-2025-0779 F-2025-0779 25196IP1RT177748864	600,0	0,0	CZ	20250715		600,00	EUR
RT	Journal des récupération de TVA	357	20250715	4456400009	TVA déductible sur encaissements (TVA 20%)			TB67B5KE3S	20250715	VIR INST LATUDE EXPERTISE CONSE NOCUS TOMY MICHEL SYLVAIN - LE PIGEONNIER F-2025-0779 F-2025-0779 25196IP1RT177748864	0,0	50,0	DA	20250715		-50,00	EUR
RT	Journal des récupération de TVA	357	20250715	44566	TVA sur autres biens et services			TB67B5KE3S	20250715	VIR INST LATUDE EXPERTISE CONSE NOCUS TOMY MICHEL SYLVAIN - LE PIGEONNIER F-2025-0779 F-2025-0779 25196IP1RT177748864	50,0	0,0				50,00	EUR
RT	Journal des récupération de TVA	357	20250715	4456400009	TVA déductible sur encaissements (TVA 20%)			TB67B5KE3S	20250715	VIR INST LATUDE EXPERTISE CONSE NOCUS TOMY MICHEL SYLVAIN - LE PIGEONNIER F-2025-0779 F-2025-0779 25196IP1RT177748864	0,0	50,0	DG	20250715		-50,00	EUR
RT	Journal des récupération de TVA	357	20250715	44566	TVA sur autres biens et services			TB67B5KE3S	20250715	VIR INST LATUDE EXPERTISE CONSE NOCUS TOMY MICHEL SYLVAIN - LE PIGEONNIER F-2025-0779 F-2025-0779 25196IP1RT177748864	50,0	0,0				50,00	EUR
BQ1	Journal de trésorerie - CREDIT MUTUEL	358	20250715	5121001	Crédit Mutuel - CREDIT MUTUEL SUD OUEST			T8I1MKRYHH	20250715	CARTE 11/07 INTERMARCHE MONTIGNAC-LAS MCC 5411 HYPERMAR EUR 134,56 5137340166584123000	0,0	134,56				-134,56	EUR
BQ1	Journal de trésorerie - CREDIT MUTUEL	358	20250715	401	Fournisseurs	401INTERM	INTERMARCHE	T8I1MKRYHH	20250715	CARTE 11/07 INTERMARCHE MONTIGNAC-LAS MCC 5411 HYPERMAR EUR 134,56 5137340166584123000	134,56	0,0	J	20251231		134,56	EUR
BQ1	Journal de trésorerie - CREDIT MUTUEL	359	20250715	5121001	Crédit Mutuel - CREDIT MUTUEL SUD OUEST			3GXZVR3ALQ	20250715	CARTE 10/07 LE PIGEONNIER CL SAINT CREPIN MCC 7033 TERRAINS EUR 100,00 5137340166584123000	0,0	100,0				-100,00	EUR
BQ1	Journal de trésorerie - CREDIT MUTUEL	359	20250715	108	Compte de l'exploitant			3GXZVR3ALQ	20250715	CARTE 10/07 LE PIGEONNIER CL SAINT CREPIN MCC 7033 TERRAINS EUR 100,00 5137340166584123000	100,0	0,0				100,00	EUR
BQ1	Journal de trésorerie - CREDIT MUTUEL	360	20250715	5121001	Crédit Mutuel - CREDIT MUTUEL SUD OUEST			TQNLIPMIA4	20250715	LCR LES 3 CAVES	0,0	215,46				-215,46	EUR
BQ1	Journal de trésorerie - CREDIT MUTUEL	360	20250715	401	Fournisseurs	4013CAVES	LES 3 CAVES	TQNLIPMIA4	20250715	LCR LES 3 CAVES	215,46	0,0	D	20251010		215,46	EUR
HA	Journal d’achat	361	20250715	4096	Fournisseurs - Créances pour emballages et matériel à rendre			UXV9FZQPWS	20250715	Facture LES 3 CAVES - DUPLICATA FAC 11-20250701880	0,0	30,0				-30,00	EUR
HA	Journal d’achat	361	20250715	401	Fournisseurs	4013CAVES	LES 3 CAVES	UXV9FZQPWS	20250715	Facture LES 3 CAVES - DUPLICATA FAC 11-20250701880	0,0	485,33	D	20251010		-485,33	EUR
HA	Journal d’achat	361	20250715	6011300009	ACHATS MAT 1RES TX NORMAL (TVA 20%)			UXV9FZQPWS	20250715	Facture LES 3 CAVES - DUPLICATA FAC 11-20250701880	429,44	0,0				429,44	EUR
HA	Journal d’achat	361	20250715	44566	TVA sur autres biens et services			UXV9FZQPWS	20250715	Facture LES 3 CAVES - DUPLICATA FAC 11-20250701880	85,89	0,0				85,89	EUR
HA	Journal d’achat	362	20250715	6011100006	ACHATS MAT 1RES TX REDUIT (TVA 5.5%)			GCVXBGLWRO	20250715	Facture SYSCO FRANCE SAS - 1250844924	643,89	0,0				643,89	EUR
HA	Journal d’achat	362	20250715	401	Fournisseurs	401100015	SYSCO FRANCE SAS	GCVXBGLWRO	20250715	Facture SYSCO FRANCE SAS - 1250844924	0,0	679,3	DE	20250801		-679,30	EUR
HA	Journal d’achat	362	20250715	44566	TVA sur autres biens et services			GCVXBGLWRO	20250715	Facture SYSCO FRANCE SAS - 1250844924	35,41	0,0				35,41	EUR
BQ1	Journal de trésorerie - CREDIT MUTUEL	363	20250715	5121001	Crédit Mutuel - CREDIT MUTUEL SUD OUEST			H3RD9XBWYL	20250715	PRLV URSSAF D'AQUITAINE UR 727000000658491006 MAI 251 2519254954990211 UR 727000000658491006 MAI 25125226245121150725 TT407272507091929125226245121000116 2519254954990211	0,0	1039,0				-1039,00	EUR
BQ1	Journal de trésorerie - CREDIT MUTUEL	363	20250715	431	Sécurité sociale			H3RD9XBWYL	20250715	PRLV URSSAF D'AQUITAINE UR 727000000658491006 MAI 251 2519254954990211 UR 727000000658491006 MAI 25125226245121150725 TT407272507091929125226245121000116 2519254954990211	1039,0	0,0	BN	20250715		1039,00	EUR
BQ1	Journal de trésorerie - CREDIT MUTUEL	364	20250715	5121001	Crédit Mutuel - CREDIT MUTUEL SUD OUEST			7SIQPN4T0V	20250715	VIR PAYPAL PTE. LTD. DUFAYS ROMAIN 244470246 2519660988370160	305,67	0,0				305,67	EUR
BQ1	Journal de trésorerie - CREDIT MUTUEL	364	20250715	530	Caisse			7SIQPN4T0V	20250715	VIR PAYPAL PTE. LTD. DUFAYS ROMAIN 244470246 2519660988370160	0,0	305,67				-305,67	EUR
OD	Journal des opérations diverses	365	20250715	431	Sécurité sociale			LOEPH9YUR7	20250715	Écart de lettrage - Sécurité sociale	0,0	2,5	BN	20250715		-2,50	EUR
OD	Journal des opérations diverses	365	20250715	658	Pénalités et autres charges (anciennement Charges diverses de gestion courante)			LOEPH9YUR7	20250715	Écart de lettrage - Sécurité sociale	2,5	0,0				2,50	EUR
BQ1	Journal de trésorerie - CREDIT MUTUEL	366	20250716	5121001	Crédit Mutuel - CREDIT MUTUEL SUD OUEST			OKAIDFMN9F	20250716	PRLV SumUp Payments Limited SUMUP LIMITED 12.07.2025 2519660167560956 SUMUP LIMITED 12.07.2025 TCPTHV6UUA 2519660167560956	0,0	34,8				-34,80	EUR
BQ1	Journal de trésorerie - CREDIT MUTUEL	366	20250716	401	Fournisseurs	401100024	SUMUP	OKAIDFMN9F	20250716	PRLV SumUp Payments Limited SUMUP LIMITED 12.07.2025 2519660167560956 SUMUP LIMITED 12.07.2025 TCPTHV6UUA 2519660167560956	34,8	0,0	DJ	20250716		34,80	EUR
RT	Journal des récupération de TVA	367	20250716	4456400009	TVA déductible sur encaissements (TVA 20%)			EECRBP1UBR	20250716	PRLV SumUp Payments Limited SUMUP LIMITED 12.07.2025 2519660167560956 SUMUP LIMITED 12.07.2025 TCPTHV6UUA 2519660167560956	0,0	5,8	DK	20250716		-5,80	EUR
RT	Journal des récupération de TVA	367	20250716	44566	TVA sur autres biens et services			EECRBP1UBR	20250716	PRLV SumUp Payments Limited SUMUP LIMITED 12.07.2025 2519660167560956 SUMUP LIMITED 12.07.2025 TCPTHV6UUA 2519660167560956	5,8	0,0				5,80	EUR
BQ1	Journal de trésorerie - CREDIT MUTUEL	368	20250716	5121001	Crédit Mutuel - CREDIT MUTUEL SUD OUEST			BV54MYA3ZC	20250716	CARTE 15/07 LA HALLE CREPINO SAINT CREPIN MCC 5331 SUPERMAR EUR 13,09 5137340166584123000	0,0	13,09				-13,09	EUR
BQ1	Journal de trésorerie - CREDIT MUTUEL	368	20250716	401	Fournisseurs	401HALLE	LA HALLE CREPINOISE	BV54MYA3ZC	20250716	CARTE 15/07 LA HALLE CREPINO SAINT CREPIN MCC 5331 SUPERMAR EUR 13,09 5137340166584123000	13,09	0,0	R	20251231		13,09	EUR
BQ1	Journal de trésorerie - CREDIT MUTUEL	369	20250716	5121001	Crédit Mutuel - CREDIT MUTUEL SUD OUEST			SUN27XY3XX	20250716	CARTE 15/07 LA HALLE CREPINO SAINT CREPIN MCC 5331 SUPERMAR EUR 122,43 5137340166584123000	0,0	122,43				-122,43	EUR
BQ1	Journal de trésorerie - CREDIT MUTUEL	369	20250716	401	Fournisseurs	401HALLE	LA HALLE CREPINOISE	SUN27XY3XX	20250716	CARTE 15/07 LA HALLE CREPINO SAINT CREPIN MCC 5331 SUPERMAR EUR 122,43 5137340166584123000	28,76	0,0	DL	20250716		28,76	EUR
BQ1	Journal de trésorerie - CREDIT MUTUEL	369	20250716	60111	ACHATS MAT 1RES TX REDUIT			SUN27XY3XX	20250716	CARTE 15/07 LA HALLE CREPINO SAINT CREPIN MCC 5331 SUPERMAR EUR 122,43 5137340166584123000	28,76	0,0				28,76	EUR
BQ1	Journal de trésorerie - CREDIT MUTUEL	369	20250716	108	Compte de l'exploitant			SUN27XY3XX	20250716	CARTE 15/07 LA HALLE CREPINO SAINT CREPIN MCC 5331 SUPERMAR EUR 122,43 5137340166584123000	64,91	0,0				64,91	EUR
BQ1	Journal de trésorerie - CREDIT MUTUEL	370	20250716	5121001	Crédit Mutuel - CREDIT MUTUEL SUD OUEST			FNVNZXQSFO	20250716	VIR PAYPAL PTE. LTD. DUFAYS ROMAIN 244545216 2519763568970029	197,68	0,0				197,68	EUR
BQ1	Journal de trésorerie - CREDIT MUTUEL	370	20250716	530	Caisse			FNVNZXQSFO	20250716	VIR PAYPAL PTE. LTD. DUFAYS ROMAIN 244545216 2519763568970029	0,0	197,68				-197,68	EUR
BQ1	Journal de trésorerie - CREDIT MUTUEL	371	20250717	5121001	Crédit Mutuel - CREDIT MUTUEL SUD OUEST			TPSJYTZJAW	20250717	VIR INST Sumup Limited SUMUP PID1242519 PAYOUT 170725 1680009834 25198IP1RT178864583	129,2	0,0				129,20	EUR
BQ1	Journal de trésorerie - CREDIT MUTUEL	371	20250717	530	Caisse			TPSJYTZJAW	20250717	VIR INST Sumup Limited SUMUP PID1242519 PAYOUT 170725 1680009834 25198IP1RT178864583	0,0	129,2				-129,20	EUR
BQ1	Journal de trésorerie - CREDIT MUTUEL	372	20250717	5121001	Crédit Mutuel - CREDIT MUTUEL SUD OUEST			PBU7R283EV	20250717	CARTE 16/07 CARREFOURMARKET SARLAT LA CAN MCC 5411 HYPERMAR EUR 360,46 5137340166584123000	0,0	360,46				-360,46	EUR
BQ1	Journal de trésorerie - CREDIT MUTUEL	372	20250717	401	Fournisseurs	401CARREF	CARREFOUR	PBU7R283EV	20250717	CARTE 16/07 CARREFOURMARKET SARLAT LA CAN MCC 5411 HYPERMAR EUR 360,46 5137340166584123000	360,46	0,0	I	20251231		360,46	EUR
BQ1	Journal de trésorerie - CREDIT MUTUEL	373	20250717	5121001	Crédit Mutuel - CREDIT MUTUEL SUD OUEST			RMXSWOPC8I	20250717	CARTE 16/07 CARREFOURMARKET SARLAT LA CAN MCC 5411 HYPERMAR EUR 411,84 5137340166584123000	0,0	411,84				-411,84	EUR
BQ1	Journal de trésorerie - CREDIT MUTUEL	373	20250717	401	Fournisseurs	401CARREF	CARREFOUR	RMXSWOPC8I	20250717	CARTE 16/07 CARREFOURMARKET SARLAT LA CAN MCC 5411 HYPERMAR EUR 411,84 5137340166584123000	411,84	0,0	I	20251231		411,84	EUR
BQ1	Journal de trésorerie - CREDIT MUTUEL	374	20250717	5121001	Crédit Mutuel - CREDIT MUTUEL SUD OUEST			WQKIOCLWDO	20250717	CARTE 16/07 Action 4647 Sarla la Cane MCC 5310 MAGASINS EUR 31,38 5137340166584123000	0,0	31,38				-31,38	EUR
BQ1	Journal de trésorerie - CREDIT MUTUEL	374	20250717	401	Fournisseurs	401ACTION	ACTION	WQKIOCLWDO	20250717	CARTE 16/07 Action 4647 Sarla la Cane MCC 5310 MAGASINS EUR 31,38 5137340166584123000	31,38	0,0	K	20251231		31,38	EUR
HA	Journal d’achat	375	20250717	6011100006	ACHATS MAT 1RES TX REDUIT (TVA 5.5%)			OR2BECNUD6	20250717	Facture SYSCO FRANCE SAS - 1250872237	156,9	0,0				156,90	EUR
HA	Journal d’achat	375	20250717	401	Fournisseurs	401100015	SYSCO FRANCE SAS	OR2BECNUD6	20250717	Facture SYSCO FRANCE SAS - 1250872237	0,0	165,53	DM	20250815		-165,53	EUR
HA	Journal d’achat	375	20250717	44566	TVA sur autres biens et services			OR2BECNUD6	20250717	Facture SYSCO FRANCE SAS - 1250872237	8,63	0,0				8,63	EUR
HA	Journal d’achat	376	20250717	4096	Fournisseurs - Créances pour emballages et matériel à rendre			JT7RWLUDPK	20250717	Avoir LES 3 CAVES - DUPLICATA FAC 11-20250702603	0,0	120,0				-120,00	EUR
HA	Journal d’achat	376	20250717	401	Fournisseurs	4013CAVES	LES 3 CAVES	JT7RWLUDPK	20250717	Avoir LES 3 CAVES - DUPLICATA FAC 11-20250702603	49,2	0,0	D	20251010		49,20	EUR
HA	Journal d’achat	376	20250717	60111	ACHATS MAT 1RES TX REDUIT			JT7RWLUDPK	20250717	Avoir LES 3 CAVES - DUPLICATA FAC 11-20250702603	66,57	0,0				66,57	EUR
HA	Journal d’achat	376	20250717	44566	TVA sur autres biens et services			JT7RWLUDPK	20250717	Avoir LES 3 CAVES - DUPLICATA FAC 11-20250702603	4,23	0,0				4,23	EUR
BQ1	Journal de trésorerie - CREDIT MUTUEL	377	20250717	5121001	Crédit Mutuel - CREDIT MUTUEL SUD OUEST			GCZGC2BCDA	20250717	VIR PAYPAL PTE. LTD. DUFAYS ROMAIN 244633185 2519865938150828	80,56	0,0				80,56	EUR
BQ1	Journal de trésorerie - CREDIT MUTUEL	377	20250717	530	Caisse			GCZGC2BCDA	20250717	VIR PAYPAL PTE. LTD. DUFAYS ROMAIN 244633185 2519865938150828	0,0	80,56				-80,56	EUR
BQ1	Journal de trésorerie - CREDIT MUTUEL	378	20250718	5121001	Crédit Mutuel - CREDIT MUTUEL SUD OUEST			TT7V9ORAGX	20250718	CARTE 17/07 LE HAVANE SARLAT LA CAN MCC 5200 VENTE D' EUR 30,10 5137340166584123000	0,0	30,1				-30,10	EUR
BQ1	Journal de trésorerie - CREDIT MUTUEL	378	20250718	108	Compte de l'exploitant			TT7V9ORAGX	20250718	CARTE 17/07 LE HAVANE SARLAT LA CAN MCC 5200 VENTE D' EUR 30,10 5137340166584123000	30,1	0,0				30,10	EUR
BQ1	Journal de trésorerie - CREDIT MUTUEL	379	20250718	5121001	Crédit Mutuel - CREDIT MUTUEL SUD OUEST			UZIPLSFXDU	20250718	LCR LES 3 CAVES	0,0	1683,25				-1683,25	EUR
BQ1	Journal de trésorerie - CREDIT MUTUEL	379	20250718	401	Fournisseurs	4013CAVES	LES 3 CAVES	UZIPLSFXDU	20250718	LCR LES 3 CAVES	1683,25	0,0	D	20251010		1683,25	EUR
BQ1	Journal de trésorerie - CREDIT MUTUEL	380	20250718	5121001	Crédit Mutuel - CREDIT MUTUEL SUD OUEST			CGH00UMQXC	20250718	PRLV URSSAF D'AQUITAINE UR 727000000657515045 003 2519865711430170 UR 727000000657515045 00300006099698180725 RC057272507160335300006099698001825 2519865711430170	0,0	310,59				-310,59	EUR
BQ1	Journal de trésorerie - CREDIT MUTUEL	380	20250718	431	Sécurité sociale			CGH00UMQXC	20250718	PRLV URSSAF D'AQUITAINE UR 727000000657515045 003 2519865711430170 UR 727000000657515045 00300006099698180725 RC057272507160335300006099698001825 2519865711430170	310,59	0,0				310,59	EUR
BQ1	Journal de trésorerie - CREDIT MUTUEL	381	20250718	5121001	Crédit Mutuel - CREDIT MUTUEL SUD OUEST			EE7TJNZT2W	20250718	VIR PAYPAL PTE. LTD. DUFAYS ROMAIN 244720547 2519968161200221	187,76	0,0				187,76	EUR
BQ1	Journal de trésorerie - CREDIT MUTUEL	381	20250718	530	Caisse			EE7TJNZT2W	20250718	VIR PAYPAL PTE. LTD. DUFAYS ROMAIN 244720547 2519968161200221	0,0	187,76				-187,76	EUR
BQ1	Journal de trésorerie - CREDIT MUTUEL	382	20250719	5121001	Crédit Mutuel - CREDIT MUTUEL SUD OUEST			ZXVVT3RPHX	20250719	VIR INST Sumup Limited SUMUP PID1244391 PAYOUT 180725 1681297621 25200IP1RT179623201	166,59	0,0				166,59	EUR
BQ1	Journal de trésorerie - CREDIT MUTUEL	382	20250719	530	Caisse			ZXVVT3RPHX	20250719	VIR INST Sumup Limited SUMUP PID1244391 PAYOUT 180725 1681297621 25200IP1RT179623201	0,0	166,59				-166,59	EUR
BQ1	Journal de trésorerie - CREDIT MUTUEL	383	20250719	5121001	Crédit Mutuel - CREDIT MUTUEL SUD OUEST			SIOXGZNOU5	20250719	CARTE 18/07 BATAILLON FRERES SARLAT LA CAN MCC 7339 SERVICES EUR 119,35 5137340166584123000	0,0	119,35				-119,35	EUR
BQ1	Journal de trésorerie - CREDIT MUTUEL	383	20250719	618	Divers			SIOXGZNOU5	20250719	CARTE 18/07 BATAILLON FRERES SARLAT LA CAN MCC 7339 SERVICES EUR 119,35 5137340166584123000	119,35	0,0				119,35	EUR
HA	Journal d’achat	384	20250719	6011100006	ACHATS MAT 1RES TX REDUIT (TVA 5.5%)			M3AQZJQ7VH	20250719	Facture SYSCO FRANCE SAS - 1250906010	797,84	0,0				797,84	EUR
HA	Journal d’achat	384	20250719	401	Fournisseurs	401100015	SYSCO FRANCE SAS	M3AQZJQ7VH	20250719	Facture SYSCO FRANCE SAS - 1250906010	0,0	841,72	DM	20250815		-841,72	EUR
HA	Journal d’achat	384	20250719	44566	TVA sur autres biens et services			M3AQZJQ7VH	20250719	Facture SYSCO FRANCE SAS - 1250906010	43,88	0,0				43,88	EUR
BQ1	Journal de trésorerie - CREDIT MUTUEL	385	20250721	5121001	Crédit Mutuel - CREDIT MUTUEL SUD OUEST			ZAVIUURO2O	20250721	VIR INST Sumup Limited SUMUP PID1248850 PAYOUT 210725 1684010206 25202IP1RT180862875	640,63	0,0				640,63	EUR
BQ1	Journal de trésorerie - CREDIT MUTUEL	385	20250721	530	Caisse			ZAVIUURO2O	20250721	VIR INST Sumup Limited SUMUP PID1248850 PAYOUT 210725 1684010206 25202IP1RT180862875	0,0	640,63				-640,63	EUR
BQ1	Journal de trésorerie - CREDIT MUTUEL	386	20250721	5121001	Crédit Mutuel - CREDIT MUTUEL SUD OUEST			PEJMKZZMDV	20250721	CARTE 19/07 INTERMARCHE SS C SALIGNAC EYVI MCC 5331 SUPERMAR EUR 26,94 5137340166584123000	0,0	26,94				-26,94	EUR
BQ1	Journal de trésorerie - CREDIT MUTUEL	386	20250721	401	Fournisseurs	401INTERM	INTERMARCHE	PEJMKZZMDV	20250721	CARTE 19/07 INTERMARCHE SS C SALIGNAC EYVI MCC 5331 SUPERMAR EUR 26,94 5137340166584123000	26,94	0,0	J	20251231		26,94	EUR
BQ1	Journal de trésorerie - CREDIT MUTUEL	387	20250722	5121001	Crédit Mutuel - CREDIT MUTUEL SUD OUEST			TURCSHVWNH	20250722	VIR INST Sumup Limited SUMUP PID1250416 PAYOUT 220725 1685180987 25203IP1RT181393856	162,02	0,0				162,02	EUR
BQ1	Journal de trésorerie - CREDIT MUTUEL	387	20250722	530	Caisse			TURCSHVWNH	20250722	VIR INST Sumup Limited SUMUP PID1250416 PAYOUT 220725 1685180987 25203IP1RT181393856	0,0	162,02				-162,02	EUR
HA	Journal d’achat	388	20250722	60111	ACHATS MAT 1RES TX REDUIT			0QURMBURXP	20250722	Facture PROMOCASH - 278366	387,38	0,0				387,38	EUR
HA	Journal d’achat	388	20250722	401	Fournisseurs	401PROMOC	PROMOCASH	0QURMBURXP	20250722	Facture PROMOCASH - 278366	0,0	422,29	DN	20250723		-422,29	EUR
HA	Journal d’achat	388	20250722	44566	TVA sur autres biens et services			0QURMBURXP	20250722	Facture PROMOCASH - 278366	34,91	0,0				34,91	EUR
BQ1	Journal de trésorerie - CREDIT MUTUEL	389	20250722	5121001	Crédit Mutuel - CREDIT MUTUEL SUD OUEST			UJSAPUCZ0F	20250722	MONNAIE NON RECUPéRéE	48,0	0,0				48,00	EUR
BQ1	Journal de trésorerie - CREDIT MUTUEL	389	20250722	530	Caisse			UJSAPUCZ0F	20250722	MONNAIE NON RECUPéRéE	0,0	48,0				-48,00	EUR
HA	Journal d’achat	390	20250722	6011300009	ACHATS MAT 1RES TX NORMAL (TVA 20%)			K8XFYNEQXH	20250722	Facture LES 3 CAVES - DUPLICATA FAC 11-20250702861	52,16	0,0				52,16	EUR
HA	Journal d’achat	390	20250722	401	Fournisseurs	4013CAVES	LES 3 CAVES	K8XFYNEQXH	20250722	Facture LES 3 CAVES - DUPLICATA FAC 11-20250702861	0,0	62,59	D	20251010		-62,59	EUR
HA	Journal d’achat	390	20250722	44566	TVA sur autres biens et services			K8XFYNEQXH	20250722	Facture LES 3 CAVES - DUPLICATA FAC 11-20250702861	10,43	0,0				10,43	EUR
HA	Journal d’achat	391	20250722	6011100006	ACHATS MAT 1RES TX REDUIT (TVA 5.5%)			0GKK0TTMYR	20250722	Facture SYSCO FRANCE SAS - 1250922513	283,79	0,0				283,79	EUR
HA	Journal d’achat	391	20250722	401	Fournisseurs	401100015	SYSCO FRANCE SAS	0GKK0TTMYR	20250722	Facture SYSCO FRANCE SAS - 1250922513	0,0	299,4	DM	20250815		-299,40	EUR
HA	Journal d’achat	391	20250722	44566	TVA sur autres biens et services			0GKK0TTMYR	20250722	Facture SYSCO FRANCE SAS - 1250922513	15,61	0,0				15,61	EUR
HA	Journal d’achat	392	20250722	6011100006	ACHATS MAT 1RES TX REDUIT (TVA 5.5%)			JODANJUMKY	20250722	Facture SYSCO FRANCE SAS - 1250922514	63,17	0,0				63,17	EUR
HA	Journal d’achat	392	20250722	401	Fournisseurs	401100015	SYSCO FRANCE SAS	JODANJUMKY	20250722	Facture SYSCO FRANCE SAS - 1250922514	0,0	66,64	DO	20250811		-66,64	EUR
HA	Journal d’achat	392	20250722	44566	TVA sur autres biens et services			JODANJUMKY	20250722	Facture SYSCO FRANCE SAS - 1250922514	3,47	0,0				3,47	EUR
BQ1	Journal de trésorerie - CREDIT MUTUEL	393	20250722	5121001	Crédit Mutuel - CREDIT MUTUEL SUD OUEST			KHKHHYADCR	20250722	VIR PAYPAL PTE. LTD. DUFAYS ROMAIN 244905131 2520373645870128	601,37	0,0				601,37	EUR
BQ1	Journal de trésorerie - CREDIT MUTUEL	393	20250722	530	Caisse			KHKHHYADCR	20250722	VIR PAYPAL PTE. LTD. DUFAYS ROMAIN 244905131 2520373645870128	0,0	601,37				-601,37	EUR
BQ1	Journal de trésorerie - CREDIT MUTUEL	394	20250722	5121001	Crédit Mutuel - CREDIT MUTUEL SUD OUEST			C0OUDDXDKZ	20250722	VIR PAYPAL PTE. LTD. DUFAYS ROMAIN 244946398 2520374561130271	394,07	0,0				394,07	EUR
BQ1	Journal de trésorerie - CREDIT MUTUEL	394	20250722	530	Caisse			C0OUDDXDKZ	20250722	VIR PAYPAL PTE. LTD. DUFAYS ROMAIN 244946398 2520374561130271	0,0	394,07				-394,07	EUR
BQ1	Journal de trésorerie - CREDIT MUTUEL	395	20250723	5121001	Crédit Mutuel - CREDIT MUTUEL SUD OUEST			VBJYJZ2MKT	20250723	VIR INST Sumup Limited SUMUP PID1252047 PAYOUT 230725 1686254531 25204IP1RT181912971	88,22	0,0				88,22	EUR
BQ1	Journal de trésorerie - CREDIT MUTUEL	395	20250723	530	Caisse			VBJYJZ2MKT	20250723	VIR INST Sumup Limited SUMUP PID1252047 PAYOUT 230725 1686254531 25204IP1RT181912971	0,0	88,22				-88,22	EUR
BQ1	Journal de trésorerie - CREDIT MUTUEL	396	20250723	5121001	Crédit Mutuel - CREDIT MUTUEL SUD OUEST			PMCDVBORDA	20250723	CARTE 22/07 PROMOCASH 3 SARLAT LA CAN MCC 5411 HYPERMAR EUR 150,00 5137340166584123000	0,0	150,0				-150,00	EUR
BQ1	Journal de trésorerie - CREDIT MUTUEL	396	20250723	401	Fournisseurs	401PROMOC	PROMOCASH	PMCDVBORDA	20250723	CARTE 22/07 PROMOCASH 3 SARLAT LA CAN MCC 5411 HYPERMAR EUR 150,00 5137340166584123000	150,0	0,0	DN	20250723		150,00	EUR
OD	Journal des opérations diverses	397	20250723	401	Fournisseurs	401PROMOC	PROMOCASH	I7OBDHLHXS	20250723	Rgt esp	272,29	0,0	DN	20250723		272,29	EUR
OD	Journal des opérations diverses	397	20250723	530	Caisse			I7OBDHLHXS	20250723	Rgt esp	0,0	272,29				-272,29	EUR
BQ1	Journal de trésorerie - CREDIT MUTUEL	398	20250724	5121001	Crédit Mutuel - CREDIT MUTUEL SUD OUEST			FC0227ZSXG	20250724	VIR INST Sumup Limited SUMUP PID1253682 PAYOUT 240725 1687371155 25205IP1RT182371708	386,71	0,0				386,71	EUR
BQ1	Journal de trésorerie - CREDIT MUTUEL	398	20250724	530	Caisse			FC0227ZSXG	20250724	VIR INST Sumup Limited SUMUP PID1253682 PAYOUT 240725 1687371155 25205IP1RT182371708	0,0	386,71				-386,71	EUR
OD	Journal des opérations diverses	399	20250724	401	Fournisseurs	401CARREF	CARREFOUR	TL4FBBMMOJ	20250724	Règlement espèce	100,0	0,0	DP	20250726		100,00	EUR
OD	Journal des opérations diverses	399	20250724	530	Caisse			TL4FBBMMOJ	20250724	Règlement espèce	0,0	100,0				-100,00	EUR
BQ1	Journal de trésorerie - CREDIT MUTUEL	400	20250724	5121001	Crédit Mutuel - CREDIT MUTUEL SUD OUEST			VAIUQBBXL1	20250724	CARTE 23/07 station larche LA FEUILLADE MCC 5542 POMPES A EUR 20,04 5137340166584123000	0,0	20,04				-20,04	EUR
BQ1	Journal de trésorerie - CREDIT MUTUEL	400	20250724	6062	Fournitures non stockables (carburant)			VAIUQBBXL1	20250724	CARTE 23/07 station larche LA FEUILLADE MCC 5542 POMPES A EUR 20,04 5137340166584123000	20,04	0,0				20,04	EUR
BQ1	Journal de trésorerie - CREDIT MUTUEL	401	20250725	5121001	Crédit Mutuel - CREDIT MUTUEL SUD OUEST			WLNOSQX081	20250725	VIR INST Sumup Limited SUMUP PID1255434 PAYOUT 250725 1688552959 25206IP1RT183033040	443,5	0,0				443,50	EUR
BQ1	Journal de trésorerie - CREDIT MUTUEL	401	20250725	530	Caisse			WLNOSQX081	20250725	VIR INST Sumup Limited SUMUP PID1255434 PAYOUT 250725 1688552959 25206IP1RT183033040	0,0	443,5				-443,50	EUR
HA	Journal d’achat	402	20250725	60111	ACHATS MAT 1RES TX REDUIT			MUF0ZCZNHD	20250725	Facture CARREFOUR - 14427758096909	173,76	0,0				173,76	EUR
HA	Journal d’achat	402	20250725	401	Fournisseurs	401CARREF	CARREFOUR	MUF0ZCZNHD	20250725	Facture CARREFOUR - 14427758096909	0,0	197,77	DP	20250726		-197,77	EUR
HA	Journal d’achat	402	20250725	44566	TVA sur autres biens et services			MUF0ZCZNHD	20250725	Facture CARREFOUR - 14427758096909	24,01	0,0				24,01	EUR
BQ1	Journal de trésorerie - CREDIT MUTUEL	403	20250726	5121001	Crédit Mutuel - CREDIT MUTUEL SUD OUEST			MNZQZQXBFN	20250726	CARTE 25/07 CARREFOURMARKET SARLAT LA CAN MCC 5411 HYPERMAR EUR 97,77 5137340166584123000	0,0	97,77				-97,77	EUR
BQ1	Journal de trésorerie - CREDIT MUTUEL	403	20250726	401	Fournisseurs	401CARREF	CARREFOUR	MNZQZQXBFN	20250726	CARTE 25/07 CARREFOURMARKET SARLAT LA CAN MCC 5411 HYPERMAR EUR 97,77 5137340166584123000	97,77	0,0	DP	20250726		97,77	EUR
HA	Journal d’achat	404	20250726	60111	ACHATS MAT 1RES TX REDUIT			FBAPJ7B1ZW	20250726	Facture SYSCO FRANCE SAS - 1250978077	619,8	0,0				619,80	EUR
HA	Journal d’achat	404	20250726	401	Fournisseurs	401100015	SYSCO FRANCE SAS	FBAPJ7B1ZW	20250726	Facture SYSCO FRANCE SAS - 1250978077	0,0	662,95	DM	20250815		-662,95	EUR
HA	Journal d’achat	404	20250726	44566	TVA sur autres biens et services			FBAPJ7B1ZW	20250726	Facture SYSCO FRANCE SAS - 1250978077	43,15	0,0				43,15	EUR
HA	Journal d’achat	405	20250727	60111	ACHATS MAT 1RES TX REDUIT			V7K1KRHLT2	20250727	Facture INTERMARCHE - :52080202521	105,78	0,0				105,78	EUR
HA	Journal d’achat	405	20250727	401	Fournisseurs	401INTERM	INTERMARCHE	V7K1KRHLT2	20250727	Facture INTERMARCHE - :52080202521	0,0	118,98	DQ	20250728		-118,98	EUR
HA	Journal d’achat	405	20250727	44566	TVA sur autres biens et services			V7K1KRHLT2	20250727	Facture INTERMARCHE - :52080202521	13,2	0,0				13,20	EUR
BQ1	Journal de trésorerie - CREDIT MUTUEL	406	20250728	5121001	Crédit Mutuel - CREDIT MUTUEL SUD OUEST			XMR5VVE74D	20250728	VIR INST Sumup Limited SUMUP PID1259841 PAYOUT 280725 1691205486 25209IP1RT184504901	1963,09	0,0				1963,09	EUR
BQ1	Journal de trésorerie - CREDIT MUTUEL	406	20250728	530	Caisse			XMR5VVE74D	20250728	VIR INST Sumup Limited SUMUP PID1259841 PAYOUT 280725 1691205486 25209IP1RT184504901	0,0	1963,09				-1963,09	EUR
BQ1	Journal de trésorerie - CREDIT MUTUEL	407	20250728	5121001	Crédit Mutuel - CREDIT MUTUEL SUD OUEST			BMC3HTXWIU	20250728	VIR M ou Mme DANEL LAVERNY FREDD LE RESTO LE PIGEONNIER - Remboursement trop percu Mme DANEL 2520986299300001	0,0	82,4				-82,40	EUR
BQ1	Journal de trésorerie - CREDIT MUTUEL	407	20250728	530	Caisse			BMC3HTXWIU	20250728	VIR M ou Mme DANEL LAVERNY FREDD LE RESTO LE PIGEONNIER - Remboursement trop percu Mme DANEL 2520986299300001	82,4	0,0				82,40	EUR
BQ1	Journal de trésorerie - CREDIT MUTUEL	408	20250728	5121001	Crédit Mutuel - CREDIT MUTUEL SUD OUEST			F3FKZLHG9Z	20250728	LCR S A S LES 3 CAVES	0,0	485,33				-485,33	EUR
BQ1	Journal de trésorerie - CREDIT MUTUEL	408	20250728	401	Fournisseurs	4013CAVES	LES 3 CAVES	F3FKZLHG9Z	20250728	LCR S A S LES 3 CAVES	485,33	0,0	D	20251010		485,33	EUR
BQ1	Journal de trésorerie - CREDIT MUTUEL	409	20250728	5121001	Crédit Mutuel - CREDIT MUTUEL SUD OUEST			V3O8TEBT4F	20250728	CARTE 27/07 INTERMARCHE SALIGNAC EYVI MCC 5331 SUPERMAR EUR 118,98 5137340166584123000	0,0	118,98				-118,98	EUR
BQ1	Journal de trésorerie - CREDIT MUTUEL	409	20250728	401	Fournisseurs	401INTERM	INTERMARCHE	V3O8TEBT4F	20250728	CARTE 27/07 INTERMARCHE SALIGNAC EYVI MCC 5331 SUPERMAR EUR 118,98 5137340166584123000	118,98	0,0	DQ	20250728		118,98	EUR
BQ1	Journal de trésorerie - CREDIT MUTUEL	410	20250729	5121001	Crédit Mutuel - CREDIT MUTUEL SUD OUEST			FTNX9IO45E	20250729	VIR INST Sumup Limited SUMUP PID1261390 PAYOUT 290725 1692405216 25210IP1RT185268960	719,77	0,0				719,77	EUR
BQ1	Journal de trésorerie - CREDIT MUTUEL	410	20250729	530	Caisse			FTNX9IO45E	20250729	VIR INST Sumup Limited SUMUP PID1261390 PAYOUT 290725 1692405216 25210IP1RT185268960	0,0	719,77				-719,77	EUR
HA	Journal d’achat	411	20250729	6011100006	ACHATS MAT 1RES TX REDUIT (TVA 5.5%)			VEG5LH9HL8	20250729	Facture PROMOCASH - 279637	148,57	0,0				148,57	EUR
HA	Journal d’achat	411	20250729	401	Fournisseurs	401PROMOC	PROMOCASH	VEG5LH9HL8	20250729	Facture PROMOCASH - 279637	0,0	156,74	DR	20250730		-156,74	EUR
HA	Journal d’achat	411	20250729	44566	TVA sur autres biens et services			VEG5LH9HL8	20250729	Facture PROMOCASH - 279637	8,17	0,0				8,17	EUR
HA	Journal d’achat	412	20250729	60111	ACHATS MAT 1RES TX REDUIT			YLYRHWYUNG	20250729	Facture CARREFOUR - 008275	131,54	0,0				131,54	EUR
HA	Journal d’achat	412	20250729	401	Fournisseurs	401CARREF	CARREFOUR	YLYRHWYUNG	20250729	Facture CARREFOUR - 008275	0,0	140,42	DS	20250729		-140,42	EUR
HA	Journal d’achat	412	20250729	44566	TVA sur autres biens et services			YLYRHWYUNG	20250729	Facture CARREFOUR - 008275	8,88	0,0				8,88	EUR
BQ1	Journal de trésorerie - CREDIT MUTUEL	413	20250729	5121001	Crédit Mutuel - CREDIT MUTUEL SUD OUEST			B1G1IBM3LW	20250729	VIR LABICHE MYLENE NOCUS TOMY MICHEL SYLVAIN 2521089284060001	0,0	473,73				-473,73	EUR
BQ1	Journal de trésorerie - CREDIT MUTUEL	413	20250729	108	Compte de l'exploitant			B1G1IBM3LW	20250729	VIR LABICHE MYLENE NOCUS TOMY MICHEL SYLVAIN 2521089284060001	473,73	0,0				473,73	EUR
OD	Journal des opérations diverses	414	20250729	401	Fournisseurs	401CARREF	CARREFOUR	6JYBCAJNI8	20250729	cca	140,42	0,0	DS	20250729		140,42	EUR
OD	Journal des opérations diverses	414	20250729	108	Compte de l'exploitant			6JYBCAJNI8	20250729	cca	0,0	140,42				-140,42	EUR
HA	Journal d’achat	415	20250729	4096	Fournisseurs - Créances pour emballages et matériel à rendre			BVZNZQ1RKM	20250729	Facture LES 3 CAVES - DUPLICATA FAC 11-20250703845	30,0	0,0				30,00	EUR
HA	Journal d’achat	415	20250729	401	Fournisseurs	4013CAVES	LES 3 CAVES	BVZNZQ1RKM	20250729	Facture LES 3 CAVES - DUPLICATA FAC 11-20250703845	0,0	201,32	D	20251010		-201,32	EUR
HA	Journal d’achat	415	20250729	6011300009	ACHATS MAT 1RES TX NORMAL (TVA 20%)			BVZNZQ1RKM	20250729	Facture LES 3 CAVES - DUPLICATA FAC 11-20250703845	142,77	0,0				142,77	EUR
HA	Journal d’achat	415	20250729	44566	TVA sur autres biens et services			BVZNZQ1RKM	20250729	Facture LES 3 CAVES - DUPLICATA FAC 11-20250703845	28,55	0,0				28,55	EUR
HA	Journal d’achat	416	20250729	4096	Fournisseurs - Créances pour emballages et matériel à rendre			MFEJ5GCGFR	20250729	Avoir LES 3 CAVES - DUPLICATA FAC 11-20250704087	0,0	210,0				-210,00	EUR
HA	Journal d’achat	416	20250729	401	Fournisseurs	4013CAVES	LES 3 CAVES	MFEJ5GCGFR	20250729	Avoir LES 3 CAVES - DUPLICATA FAC 11-20250704087	71,21	0,0	D	20251010		71,21	EUR
HA	Journal d’achat	416	20250729	6011300009	ACHATS MAT 1RES TX NORMAL (TVA 20%)			MFEJ5GCGFR	20250729	Avoir LES 3 CAVES - DUPLICATA FAC 11-20250704087	115,66	0,0				115,66	EUR
HA	Journal d’achat	416	20250729	44566	TVA sur autres biens et services			MFEJ5GCGFR	20250729	Avoir LES 3 CAVES - DUPLICATA FAC 11-20250704087	23,13	0,0				23,13	EUR
HA	Journal d’achat	417	20250729	4096	Fournisseurs - Créances pour emballages et matériel à rendre			7I7FNSKTBE	20250729	Facture LES 3 CAVES - DUPLICATA FAC 11-20250703819	60,0	0,0				60,00	EUR
HA	Journal d’achat	417	20250729	401	Fournisseurs	4013CAVES	LES 3 CAVES	7I7FNSKTBE	20250729	Facture LES 3 CAVES - DUPLICATA FAC 11-20250703819	0,0	633,18	D	20251010		-633,18	EUR
HA	Journal d’achat	417	20250729	6011300009	ACHATS MAT 1RES TX NORMAL (TVA 20%)			7I7FNSKTBE	20250729	Facture LES 3 CAVES - DUPLICATA FAC 11-20250703819	477,65	0,0				477,65	EUR
HA	Journal d’achat	417	20250729	44566	TVA sur autres biens et services			7I7FNSKTBE	20250729	Facture LES 3 CAVES - DUPLICATA FAC 11-20250703819	95,53	0,0				95,53	EUR
HA	Journal d’achat	418	20250729	60111	ACHATS MAT 1RES TX REDUIT			GIR1NDILCU	20250729	Facture SYSCO FRANCE SAS - 1250993636	741,27	0,0				741,27	EUR
HA	Journal d’achat	418	20250729	401	Fournisseurs	401100015	SYSCO FRANCE SAS	GIR1NDILCU	20250729	Facture SYSCO FRANCE SAS - 1250993636	0,0	782,4	DM	20250815		-782,40	EUR
HA	Journal d’achat	418	20250729	44566	TVA sur autres biens et services			GIR1NDILCU	20250729	Facture SYSCO FRANCE SAS - 1250993636	41,13	0,0				41,13	EUR
BQ1	Journal de trésorerie - CREDIT MUTUEL	419	20250729	5121001	Crédit Mutuel - CREDIT MUTUEL SUD OUEST			MVLNK3VFGT	20250729	VIR LABICHE MYLENE NOCUS TOMY MICHEL SYLVAIN 2521089250200001	0,0	1400,0				-1400,00	EUR
BQ1	Journal de trésorerie - CREDIT MUTUEL	419	20250729	108	Compte de l'exploitant			MVLNK3VFGT	20250729	VIR LABICHE MYLENE NOCUS TOMY MICHEL SYLVAIN 2521089250200001	576,28	0,0				576,28	EUR
BQ1	Journal de trésorerie - CREDIT MUTUEL	419	20250729	421	PERSONNEL REMUNERAT DUES			MVLNK3VFGT	20250729	SALAIRE HUGO PRUNIER - VIR LABICHE MYLENE NOCUS TOMY MICHEL SYLVAIN 2521089250200001	823,72	0,0	DT	20250731		823,72	EUR
BQ1	Journal de trésorerie - CREDIT MUTUEL	420	20250730	5121001	Crédit Mutuel - CREDIT MUTUEL SUD OUEST			WBKEEZKRFX	20250730	VIR INST Sumup Limited SUMUP PID1263042 PAYOUT 300725 1693415727 25211IP1RT186113994	832,24	0,0				832,24	EUR
BQ1	Journal de trésorerie - CREDIT MUTUEL	420	20250730	530	Caisse			WBKEEZKRFX	20250730	VIR INST Sumup Limited SUMUP PID1263042 PAYOUT 300725 1693415727 25211IP1RT186113994	0,0	832,24				-832,24	EUR
BQ1	Journal de trésorerie - CREDIT MUTUEL	421	20250730	5121001	Crédit Mutuel - CREDIT MUTUEL SUD OUEST			XV3XCWUNYF	20250730	CARTE 29/07 PROMOCASH 3 SARLAT LA CAN MCC 5411 HYPERMAR EUR 156,74 5137340166584123000	0,0	156,74				-156,74	EUR
BQ1	Journal de trésorerie - CREDIT MUTUEL	421	20250730	401	Fournisseurs	401PROMOC	PROMOCASH	XV3XCWUNYF	20250730	CARTE 29/07 PROMOCASH 3 SARLAT LA CAN MCC 5411 HYPERMAR EUR 156,74 5137340166584123000	156,74	0,0	DR	20250730		156,74	EUR
BQ1	Journal de trésorerie - CREDIT MUTUEL	422	20250730	5121001	Crédit Mutuel - CREDIT MUTUEL SUD OUEST			E03VAA5COD	20250730	CARTE 29/07 BY TEILLAC FAMI SAINT-CREPIN- MCC 5814 RESTAURA EUR 38,10 5137340166584123000	0,0	38,1				-38,10	EUR
BQ1	Journal de trésorerie - CREDIT MUTUEL	422	20250730	6251	Voyages et déplacements			E03VAA5COD	20250730	CARTE 29/07 BY TEILLAC FAMI SAINT-CREPIN- MCC 5814 RESTAURA EUR 38,10 5137340166584123000	38,1	0,0				38,10	EUR
BQ1	Journal de trésorerie - CREDIT MUTUEL	423	20250730	5121001	Crédit Mutuel - CREDIT MUTUEL SUD OUEST			3W1HVL4SUF	20250730	VIR EMMA JUREK - Salaire Salaire - Le Resto 2521193066990001	0,0	1230,98				-1230,98	EUR
BQ1	Journal de trésorerie - CREDIT MUTUEL	423	20250730	421	PERSONNEL REMUNERAT DUES			3W1HVL4SUF	20250730	VIR EMMA JUREK - Salaire Salaire - Le Resto 2521193066990001	1230,98	0,0	DU	20250731		1230,98	EUR
HA	Journal d’achat	424	20250730	6011300009	ACHATS MAT 1RES TX NORMAL (TVA 20%)			DW9XNQZIKK	20250730	Avoir LES 3 CAVES - DUPLICATA FAC 11-20250704206	0,0	5,25				-5,25	EUR
HA	Journal d’achat	424	20250730	401	Fournisseurs	4013CAVES	LES 3 CAVES	DW9XNQZIKK	20250730	Avoir LES 3 CAVES - DUPLICATA FAC 11-20250704206	6,3	0,0	D	20251010		6,30	EUR
HA	Journal d’achat	424	20250730	44566	TVA sur autres biens et services			DW9XNQZIKK	20250730	Avoir LES 3 CAVES - DUPLICATA FAC 11-20250704206	0,0	1,05				-1,05	EUR
BQ1	Journal de trésorerie - CREDIT MUTUEL	425	20250731	5121001	Crédit Mutuel - CREDIT MUTUEL SUD OUEST			CBOFOI8MAL	20250731	VIR INST Sumup Limited SUMUP PID1264672 PAYOUT 310725 1694574174 25212IP1RT186909678	783,09	0,0				783,09	EUR
BQ1	Journal de trésorerie - CREDIT MUTUEL	425	20250731	530	Caisse			CBOFOI8MAL	20250731	VIR INST Sumup Limited SUMUP PID1264672 PAYOUT 310725 1694574174 25212IP1RT186909678	0,0	783,09				-783,09	EUR
BQ1	Journal de trésorerie - CREDIT MUTUEL	426	20250731	5121001	Crédit Mutuel - CREDIT MUTUEL SUD OUEST			NT0Y2Z6LK5	20250731	F COMMISSION D'INTERVENTION 07/25	0,0	28,8				-28,80	EUR
BQ1	Journal de trésorerie - CREDIT MUTUEL	426	20250731	6270000003	Services bancaires et assimilés (Pas de TVA)			NT0Y2Z6LK5	20250731	F COMMISSION D'INTERVENTION 07/25	28,8	0,0				28,80	EUR
PA	Journal de Paie	427	20250731	6411	Salaires, appointements			9MVAXAUETQ	20250731	SALAIRE LABICHE 07/2025	1805,76	0,0				1805,76	EUR
PA	Journal de Paie	427	20250731	6451	Cotisations à l'Urssaf			9MVAXAUETQ	20250731	SALAIRE LABICHE 07/2025	18,35	0,0				18,35	EUR
PA	Journal de Paie	427	20250731	6453	Cotisations aux caisses de retraites			9MVAXAUETQ	20250731	SALAIRE LABICHE 07/2025	34,65	0,0				34,65	EUR
PA	Journal de Paie	427	20250731	6452	Cotisations aux mutuelles			9MVAXAUETQ	20250731	SALAIRE LABICHE 07/2025	34,65	0,0				34,65	EUR
PA	Journal de Paie	427	20250731	421	PERSONNEL REMUNERAT DUES			9MVAXAUETQ	20250731	SALAIRE LABICHE 07/2025	0,0	1377,33				-1377,33	EUR
PA	Journal de Paie	427	20250731	431	Sécurité sociale			9MVAXAUETQ	20250731	SALAIRE LABICHE 07/2025	0,0	516,08				-516,08	EUR
PA	Journal de Paie	428	20250731	6411	Salaires, appointements			FJBUXCNMNB	20250731	SALAIRE JUREK 07/2025	1580,04	0,0				1580,04	EUR
PA	Journal de Paie	428	20250731	6451	Cotisations à l'Urssaf			FJBUXCNMNB	20250731	SALAIRE JUREK 07/2025	53,08	0,0				53,08	EUR
PA	Journal de Paie	428	20250731	6453	Cotisations aux caisses de retraites			FJBUXCNMNB	20250731	SALAIRE JUREK 07/2025	19,99	0,0				19,99	EUR
PA	Journal de Paie	428	20250731	6452	Cotisations aux mutuelles			FJBUXCNMNB	20250731	SALAIRE JUREK 07/2025	6,79	0,0				6,79	EUR
PA	Journal de Paie	428	20250731	421	PERSONNEL REMUNERAT DUES			FJBUXCNMNB	20250731	SALAIRE JUREK 07/2025	0,0	1230,98	DU	20250731		-1230,98	EUR
PA	Journal de Paie	428	20250731	431	Sécurité sociale			FJBUXCNMNB	20250731	SALAIRE JUREK 07/2025	0,0	428,92				-428,92	EUR
PA	Journal de Paie	429	20250731	6411	Salaires, appointements			NIZGYEGOKM	20250731	SALAIRE PRUNIER 07/2025	1057,32	0,0				1057,32	EUR
PA	Journal de Paie	429	20250731	6451	Cotisations à l'Urssaf			NIZGYEGOKM	20250731	SALAIRE PRUNIER 07/2025	13,2	0,0				13,20	EUR
PA	Journal de Paie	429	20250731	6453	Cotisations aux caisses de retraites			NIZGYEGOKM	20250731	SALAIRE PRUNIER 07/2025	38,89	0,0				38,89	EUR
PA	Journal de Paie	429	20250731	6452	Cotisations aux mutuelles			NIZGYEGOKM	20250731	SALAIRE PRUNIER 07/2025	4,55	0,0				4,55	EUR
PA	Journal de Paie	429	20250731	421	PERSONNEL REMUNERAT DUES			NIZGYEGOKM	20250731	SALAIRE PRUNIER 07/2025	0,0	823,73	DT	20250731		-823,73	EUR
PA	Journal de Paie	429	20250731	431	Sécurité sociale			NIZGYEGOKM	20250731	SALAIRE PRUNIER 07/2025	0,0	290,23				-290,23	EUR
HA	Journal d’achat	430	20250731	60111	ACHATS MAT 1RES TX REDUIT			IGATQ8N9PZ	20250731	Facture SYSCO FRANCE SAS - 1251021844	130,1	0,0				130,10	EUR
HA	Journal d’achat	430	20250731	401	Fournisseurs	401100015	SYSCO FRANCE SAS	IGATQ8N9PZ	20250731	Facture SYSCO FRANCE SAS - 1251021844	0,0	137,62	DM	20250815		-137,62	EUR
HA	Journal d’achat	430	20250731	44566	TVA sur autres biens et services			IGATQ8N9PZ	20250731	Facture SYSCO FRANCE SAS - 1251021844	7,52	0,0				7,52	EUR
OD	Journal des opérations diverses	431	20250731	421	PERSONNEL REMUNERAT DUES			BWAB9JRQBU	20250731	Écart de lettrage - PERSONNEL REMUNERAT DUES	0,01	0,0	DT	20250731		0,01	EUR
OD	Journal des opérations diverses	431	20250731	758	Indemnités et autres produits (anciennement Produits divers de gestion courante)			BWAB9JRQBU	20250731	Écart de lettrage - PERSONNEL REMUNERAT DUES	0,0	0,01				-0,01	EUR
BQ1	Journal de trésorerie - CREDIT MUTUEL	432	20250801	5121001	Crédit Mutuel - CREDIT MUTUEL SUD OUEST			MKUJFS2SKU	20250801	VIR INST Sumup Limited SUMUP PID1266414 PAYOUT 010825 1695729001 25213IP1RT187899475	1617,98	0,0				1617,98	EUR
BQ1	Journal de trésorerie - CREDIT MUTUEL	432	20250801	530	Caisse			MKUJFS2SKU	20250801	VIR INST Sumup Limited SUMUP PID1266414 PAYOUT 010825 1695729001 25213IP1RT187899475	0,0	1617,98				-1617,98	EUR
BQ1	Journal de trésorerie - CREDIT MUTUEL	433	20250801	5121001	Crédit Mutuel - CREDIT MUTUEL SUD OUEST			H3PJG56FXT	20250801	CARTE 31/07 CARREFOURMARKET SARLAT LA CAN MCC 5411 HYPERMAR EUR 169,84 5137340166584123000	0,0	169,84				-169,84	EUR
BQ1	Journal de trésorerie - CREDIT MUTUEL	433	20250801	401	Fournisseurs	401CARREF	CARREFOUR	H3PJG56FXT	20250801	CARTE 31/07 CARREFOURMARKET SARLAT LA CAN MCC 5411 HYPERMAR EUR 169,84 5137340166584123000	169,84	0,0	I	20251231		169,84	EUR
BQ1	Journal de trésorerie - CREDIT MUTUEL	434	20250801	5121001	Crédit Mutuel - CREDIT MUTUEL SUD OUEST			TPEEKHIZAD	20250801	LCR 3 CAVES SN	0,0	13,39				-13,39	EUR
BQ1	Journal de trésorerie - CREDIT MUTUEL	434	20250801	401	Fournisseurs	4013CAVES	LES 3 CAVES	TPEEKHIZAD	20250801	LCR 3 CAVES SN	13,39	0,0	D	20251010		13,39	EUR
BQ1	Journal de trésorerie - CREDIT MUTUEL	435	20250801	5121001	Crédit Mutuel - CREDIT MUTUEL SUD OUEST			BNCKEHH673	20250801	PRLV Sysco France SAS /ADV/1500123078 31.7.2025 2520373544540044 /ADV/1500123078 31.7.2025 1500123078 2520373544540044	0,0	2969,69				-2969,69	EUR
BQ1	Journal de trésorerie - CREDIT MUTUEL	435	20250801	401	Fournisseurs	401100015	SYSCO FRANCE SAS	BNCKEHH673	20250801	PRLV Sysco France SAS /ADV/1500123078 31.7.2025 2520373544540044 /ADV/1500123078 31.7.2025 1500123078 2520373544540044	2969,69	0,0	DE	20250801		2969,69	EUR
BQ1	Journal de trésorerie - CREDIT MUTUEL	436	20250801	5121001	Crédit Mutuel - CREDIT MUTUEL SUD OUEST			MB7RIT7NEU	20250801	LOCATION PRO SOLUTION INETGRALE	0,0	12,0				-12,00	EUR
BQ1	Journal de trésorerie - CREDIT MUTUEL	436	20250801	6135	Locations mobilières			MB7RIT7NEU	20250801	LOCATION PRO SOLUTION INETGRALE	12,0	0,0				12,00	EUR
BQ1	Journal de trésorerie - CREDIT MUTUEL	437	20250802	5121001	Crédit Mutuel - CREDIT MUTUEL SUD OUEST			3B3PWOIAWN	20250802	CARTE 31/07 INTERMARCHE DAC SALIGNAC EYVI MCC 5542 POMPES A EUR 40,00 5137340166584123000	0,0	40,0				-40,00	EUR
BQ1	Journal de trésorerie - CREDIT MUTUEL	437	20250802	401	Fournisseurs	401INTERM	INTERMARCHE	3B3PWOIAWN	20250802	CARTE 31/07 INTERMARCHE DAC SALIGNAC EYVI MCC 5542 POMPES A EUR 40,00 5137340166584123000	40,0	0,0	J	20251231		40,00	EUR
HA	Journal d’achat	438	20250802	6011100006	ACHATS MAT 1RES TX REDUIT (TVA 5.5%)			N1MYAHLZIL	20250802	Facture SYSCO FRANCE SAS - 1251049654	68,6	0,0				68,60	EUR
HA	Journal d’achat	438	20250802	401	Fournisseurs	401100015	SYSCO FRANCE SAS	N1MYAHLZIL	20250802	Facture SYSCO FRANCE SAS - 1251049654	0,0	72,37	DV	20250820		-72,37	EUR
HA	Journal d’achat	438	20250802	44566	TVA sur autres biens et services			N1MYAHLZIL	20250802	Facture SYSCO FRANCE SAS - 1251049654	3,77	0,0				3,77	EUR
HA	Journal d’achat	439	20250802	6011100006	ACHATS MAT 1RES TX REDUIT (TVA 5.5%)			4XWXTD2SQR	20250802	Facture SYSCO FRANCE SAS - 1251049655	246,65	0,0				246,65	EUR
HA	Journal d’achat	439	20250802	401	Fournisseurs	401100015	SYSCO FRANCE SAS	4XWXTD2SQR	20250802	Facture SYSCO FRANCE SAS - 1251049655	0,0	260,22				-260,22	EUR
HA	Journal d’achat	439	20250802	44566	TVA sur autres biens et services			4XWXTD2SQR	20250802	Facture SYSCO FRANCE SAS - 1251049655	13,57	0,0				13,57	EUR
HA	Journal d’achat	440	20250803	6011100006	ACHATS MAT 1RES TX REDUIT (TVA 5.5%)			CP0DU7O9YZ	20250803	Facture SYSCO FRANCE SAS - 1251054615	692,4	0,0				692,40	EUR
HA	Journal d’achat	440	20250803	401	Fournisseurs	401100015	SYSCO FRANCE SAS	CP0DU7O9YZ	20250803	Facture SYSCO FRANCE SAS - 1251054615	0,0	730,48				-730,48	EUR
HA	Journal d’achat	440	20250803	44566	TVA sur autres biens et services			CP0DU7O9YZ	20250803	Facture SYSCO FRANCE SAS - 1251054615	38,08	0,0				38,08	EUR
HA	Journal d’achat	441	20250804	6011100009	ACHATS MAT 1RES TX REDUIT (TVA 20%)			JRGLFA864B	20250804	Facture PROMOCASH - 280605	49,48	0,0				49,48	EUR
HA	Journal d’achat	441	20250804	401	Fournisseurs	401PROMOC	PROMOCASH	JRGLFA864B	20250804	Facture PROMOCASH - 280605	0,0	59,38	DW	20250804		-59,38	EUR
HA	Journal d’achat	441	20250804	44566	TVA sur autres biens et services			JRGLFA864B	20250804	Facture PROMOCASH - 280605	9,9	0,0				9,90	EUR
HA	Journal d’achat	442	20250804	60111	ACHATS MAT 1RES TX REDUIT			HZGR4AVLFC	20250804	Facture PROMOCASH - 280608	558,4	0,0				558,40	EUR
HA	Journal d’achat	442	20250804	401	Fournisseurs	401PROMOC	PROMOCASH	HZGR4AVLFC	20250804	Facture PROMOCASH - 280608	0,0	617,87	DW	20250804		-617,87	EUR
HA	Journal d’achat	442	20250804	44566	TVA sur autres biens et services			HZGR4AVLFC	20250804	Facture PROMOCASH - 280608	59,47	0,0				59,47	EUR
BQ1	Journal de trésorerie - CREDIT MUTUEL	443	20250804	5121001	Crédit Mutuel - CREDIT MUTUEL SUD OUEST			LKVBYITL52	20250804	VIR INST Sumup Limited SUMUP PID1270924 PAYOUT 040825 1698453474 25216IP1RT189756618	1968,09	0,0				1968,09	EUR
BQ1	Journal de trésorerie - CREDIT MUTUEL	443	20250804	530	Caisse			LKVBYITL52	20250804	VIR INST Sumup Limited SUMUP PID1270924 PAYOUT 040825 1698453474 25216IP1RT189756618	0,0	1968,09				-1968,09	EUR
OD	Journal des opérations diverses	444	20250804	401	Fournisseurs	401PROMOC	PROMOCASH	2T8RUCU6PY	20250804	règlement espèce	677,25	0,0	DW	20250804		677,25	EUR
OD	Journal des opérations diverses	444	20250804	530	Caisse			2T8RUCU6PY	20250804	règlement espèce	0,0	677,25				-677,25	EUR
BQ1	Journal de trésorerie - CREDIT MUTUEL	445	20250805	5121001	Crédit Mutuel - CREDIT MUTUEL SUD OUEST			DQYRZP6POK	20250805	VIR INST Sumup Limited SUMUP PID1272431 PAYOUT 050825 1699576112 25217IP1RT190558775	807,98	0,0				807,98	EUR
BQ1	Journal de trésorerie - CREDIT MUTUEL	445	20250805	530	Caisse			DQYRZP6POK	20250805	VIR INST Sumup Limited SUMUP PID1272431 PAYOUT 050825 1699576112 25217IP1RT190558775	0,0	807,98				-807,98	EUR
BQ1	Journal de trésorerie - CREDIT MUTUEL	446	20250805	5121001	Crédit Mutuel - CREDIT MUTUEL SUD OUEST			BBSAIBEJP8	20250805	PRLV NOVELIA AVP NOVELIA 2521602484230214 AVP NOVELIA 10139635 2521602484230214	0,0	111,84				-111,84	EUR
BQ1	Journal de trésorerie - CREDIT MUTUEL	446	20250805	401	Fournisseurs	401100025	ASU GROUPE TVA KEREIS	BBSAIBEJP8	20250805	PRLV NOVELIA AVP NOVELIA 2521602484230214 AVP NOVELIA 10139635 2521602484230214	111,84	0,0				111,84	EUR
RT	Journal des récupération de TVA	447	20250805	44564	TVA déductible sur encaissements			07VGY2KCDX	20250805	PRLV NOVELIA AVP NOVELIA 2521602484230214 AVP NOVELIA 10139635 2521602484230214	0,0	0,09				-0,09	EUR
RT	Journal des récupération de TVA	447	20250805	44566	TVA sur autres biens et services			07VGY2KCDX	20250805	PRLV NOVELIA AVP NOVELIA 2521602484230214 AVP NOVELIA 10139635 2521602484230214	0,09	0,0				0,09	EUR
BQ1	Journal de trésorerie - CREDIT MUTUEL	448	20250805	5121001	Crédit Mutuel - CREDIT MUTUEL SUD OUEST			X4TOL7TWBR	20250805	COTISATION EUROCOMPTE PRO	0,0	29,46				-29,46	EUR
BQ1	Journal de trésorerie - CREDIT MUTUEL	448	20250805	627	Services bancaires et assimilés			X4TOL7TWBR	20250805	COTISATION EUROCOMPTE PRO	29,46	0,0				29,46	EUR
OD	Journal des opérations diverses	449	20250805	401	Fournisseurs	401INTERM	INTERMARCHE	DLXYWS7Z0O	20250805	RGT Espèce	206,23	0,0	DX	20250805		206,23	EUR
OD	Journal des opérations diverses	449	20250805	44566	TVA sur autres biens et services			DLXYWS7Z0O	20250805	RGT Espèce	0,0	206,23				-206,23	EUR
HA	Journal d’achat	450	20250805	6011100006	ACHATS MAT 1RES TX REDUIT (TVA 5.5%)			AO5LKPCGGX	20250805	Facture SYSCO FRANCE SAS - 1251067449	663,58	0,0				663,58	EUR
HA	Journal d’achat	450	20250805	401	Fournisseurs	401100015	SYSCO FRANCE SAS	AO5LKPCGGX	20250805	Facture SYSCO FRANCE SAS - 1251067449	0,0	700,08				-700,08	EUR
HA	Journal d’achat	450	20250805	44566	TVA sur autres biens et services			AO5LKPCGGX	20250805	Facture SYSCO FRANCE SAS - 1251067449	36,5	0,0				36,50	EUR
HA	Journal d’achat	451	20250805	60111	ACHATS MAT 1RES TX REDUIT			QVYBJU74QR	20250805	Facture LES 3 CAVES - DUPLICATA FAC 11-20250800232	526,0	0,0				526,00	EUR
HA	Journal d’achat	451	20250805	401	Fournisseurs	4013CAVES	LES 3 CAVES	QVYBJU74QR	20250805	Facture LES 3 CAVES - DUPLICATA FAC 11-20250800232	0,0	808,94	D	20251010		-808,94	EUR
HA	Journal d’achat	451	20250805	44566	TVA sur autres biens et services			QVYBJU74QR	20250805	Facture LES 3 CAVES - DUPLICATA FAC 11-20250800232	102,94	0,0				102,94	EUR
HA	Journal d’achat	451	20250805	4096	Fournisseurs - Créances pour emballages et matériel à rendre			QVYBJU74QR	20250805	Facture LES 3 CAVES - DUPLICATA FAC 11-20250800232	180,0	0,0				180,00	EUR
HA	Journal d’achat	452	20250805	60111	ACHATS MAT 1RES TX REDUIT			FPMCVL5UPM	20250805	Facture INTERMARCHE - :52170202550	183,88	0,0				183,88	EUR
HA	Journal d’achat	452	20250805	401	Fournisseurs	401INTERM	INTERMARCHE	FPMCVL5UPM	20250805	Facture INTERMARCHE - :52170202550	0,0	206,23	DX	20250805		-206,23	EUR
HA	Journal d’achat	452	20250805	44566	TVA sur autres biens et services			FPMCVL5UPM	20250805	Facture INTERMARCHE - :52170202550	22,35	0,0				22,35	EUR
BQ1	Journal de trésorerie - CREDIT MUTUEL	453	20250805	5121001	Crédit Mutuel - CREDIT MUTUEL SUD OUEST			1Q1MWUBH5L	20250805	PRLV URSSAF D'AQUITAINE UR 727000000657515045 AOUT253 2521603346450186 UR 727000000657515045 AOUT25325326099698050825 RD677272507312140325326099698028880 2521603346450186	0,0	276,0				-276,00	EUR
BQ1	Journal de trésorerie - CREDIT MUTUEL	453	20250805	6460000003	Cotisations sociales personnelles de l'exploitant (Pas de TVA)			1Q1MWUBH5L	20250805	PRLV URSSAF D'AQUITAINE UR 727000000657515045 AOUT253 2521603346450186 UR 727000000657515045 AOUT25325326099698050825 RD677272507312140325326099698028880 2521603346450186	276,0	0,0				276,00	EUR
BQ1	Journal de trésorerie - CREDIT MUTUEL	454	20250806	5121001	Crédit Mutuel - CREDIT MUTUEL SUD OUEST			HBDQ1KYHYB	20250806	VIR INST Sumup Limited SUMUP PID1274074 PAYOUT 060825 1700706897 25218IP1RT191279696	345,26	0,0				345,26	EUR
BQ1	Journal de trésorerie - CREDIT MUTUEL	454	20250806	530	Caisse			HBDQ1KYHYB	20250806	VIR INST Sumup Limited SUMUP PID1274074 PAYOUT 060825 1700706897 25218IP1RT191279696	0,0	345,26				-345,26	EUR
HA	Journal d’achat	455	20250806	6063000009	Fournitures d'entretien et de petit équipement (TVA 20%)			FLUNQKKCKJ	20250806	Facture ACTION FRANCE - 4647104-10	25,71	0,0				25,71	EUR
HA	Journal d’achat	455	20250806	401	Fournisseurs	401100021	ACTION FRANCE	FLUNQKKCKJ	20250806	Facture ACTION FRANCE - 4647104-10	0,0	30,85	DY	20250806		-30,85	EUR
HA	Journal d’achat	455	20250806	44566	TVA sur autres biens et services			FLUNQKKCKJ	20250806	Facture ACTION FRANCE - 4647104-10	5,14	0,0				5,14	EUR
OD	Journal des opérations diverses	456	20250806	401	Fournisseurs	401100021	ACTION FRANCE	WJAMMWEMIO	20250806	Rglkt esp	30,85	0,0	DY	20250806		30,85	EUR
OD	Journal des opérations diverses	456	20250806	530	Caisse			WJAMMWEMIO	20250806	Rglkt esp	0,0	30,85				-30,85	EUR
BQ1	Journal de trésorerie - CREDIT MUTUEL	457	20250807	5121001	Crédit Mutuel - CREDIT MUTUEL SUD OUEST			BUWC4F87IZ	20250807	VIR INST Sumup Limited SUMUP PID1275748 PAYOUT 070825 1701871781 25219IP1RT191856631	326,23	0,0				326,23	EUR
BQ1	Journal de trésorerie - CREDIT MUTUEL	457	20250807	530	Caisse			BUWC4F87IZ	20250807	VIR INST Sumup Limited SUMUP PID1275748 PAYOUT 070825 1701871781 25219IP1RT191856631	0,0	326,23				-326,23	EUR
HA	Journal d’achat	458	20250807	6226100009	HONORAIRES COMPTABLES (TVA 20%)			EDRSYHW4V3	20250807	Facture LATUDE EXPERTISE & CONSEIL - F-2025-0897	500,0	0,0				500,00	EUR
HA	Journal d’achat	458	20250807	401	Fournisseurs	401100018	LATUDE EXPERTISE & CONSEIL	EDRSYHW4V3	20250807	Facture LATUDE EXPERTISE & CONSEIL - F-2025-0897	0,0	600,0	DZ	20250814		-600,00	EUR
HA	Journal d’achat	458	20250807	4456400009	TVA déductible sur encaissements (TVA 20%)			EDRSYHW4V3	20250807	Facture LATUDE EXPERTISE & CONSEIL - F-2025-0897	100,0	0,0	EA	20250814		100,00	EUR
HA	Journal d’achat	459	20250807	6011100006	ACHATS MAT 1RES TX REDUIT (TVA 5.5%)			V89XC1CFVY	20250807	Facture SYSCO FRANCE SAS - 1251094714	226,3	0,0				226,30	EUR
HA	Journal d’achat	459	20250807	401	Fournisseurs	401100015	SYSCO FRANCE SAS	V89XC1CFVY	20250807	Facture SYSCO FRANCE SAS - 1251094714	0,0	238,75				-238,75	EUR
HA	Journal d’achat	459	20250807	44566	TVA sur autres biens et services			V89XC1CFVY	20250807	Facture SYSCO FRANCE SAS - 1251094714	12,45	0,0				12,45	EUR
BQ1	Journal de trésorerie - CREDIT MUTUEL	460	20250808	5121001	Crédit Mutuel - CREDIT MUTUEL SUD OUEST			FYQUBBGLRX	20250808	VIR INST Sumup Limited SUMUP PID1277441 PAYOUT 080825 1703026795 25220IP1RT192492693	494,01	0,0				494,01	EUR
BQ1	Journal de trésorerie - CREDIT MUTUEL	460	20250808	530	Caisse			FYQUBBGLRX	20250808	VIR INST Sumup Limited SUMUP PID1277441 PAYOUT 080825 1703026795 25220IP1RT192492693	0,0	494,01				-494,01	EUR
BQ1	Journal de trésorerie - CREDIT MUTUEL	461	20250808	5121001	Crédit Mutuel - CREDIT MUTUEL SUD OUEST			GS1BZIQN2N	20250808	CARTE 07/08 MP*CARREFOUR DAC SARLAT LA CAN MCC 5542 POMPES A EUR 30,01 5137340166584123000	0,0	30,01				-30,01	EUR
BQ1	Journal de trésorerie - CREDIT MUTUEL	461	20250808	401	Fournisseurs	401CARREF	CARREFOUR	GS1BZIQN2N	20250808	CARTE 07/08 MP*CARREFOUR DAC SARLAT LA CAN MCC 5542 POMPES A EUR 30,01 5137340166584123000	30,01	0,0	I	20251231		30,01	EUR
BQ1	Journal de trésorerie - CREDIT MUTUEL	462	20250808	5121001	Crédit Mutuel - CREDIT MUTUEL SUD OUEST			JCHXYSICGJ	20250808	CARTE 07/08 CARREFOURMARKET SARLAT LA CAN MCC 5411 HYPERMAR EUR 420,54 5137340166584123000	0,0	420,54				-420,54	EUR
BQ1	Journal de trésorerie - CREDIT MUTUEL	462	20250808	401	Fournisseurs	401CARREF	CARREFOUR	JCHXYSICGJ	20250808	CARTE 07/08 CARREFOURMARKET SARLAT LA CAN MCC 5411 HYPERMAR EUR 420,54 5137340166584123000	420,54	0,0	I	20251231		420,54	EUR
BQ1	Journal de trésorerie - CREDIT MUTUEL	463	20250808	5121001	Crédit Mutuel - CREDIT MUTUEL SUD OUEST			O3NCQWLS5L	20250808	CARTE 07/08 SNC TEIMAS SARLAT LA CAN MCC 5942 LIBRAIRI EUR 32,80 5137340166584123000	0,0	32,8				-32,80	EUR
BQ1	Journal de trésorerie - CREDIT MUTUEL	463	20250808	108	Compte de l'exploitant			O3NCQWLS5L	20250808	CARTE 07/08 SNC TEIMAS SARLAT LA CAN MCC 5942 LIBRAIRI EUR 32,80 5137340166584123000	32,8	0,0				32,80	EUR
BQ1	Journal de trésorerie - CREDIT MUTUEL	464	20250808	5121001	Crédit Mutuel - CREDIT MUTUEL SUD OUEST			UGUH4KTLZV	20250808	LCR 3 CAVES SN	0,0	763,29				-763,29	EUR
BQ1	Journal de trésorerie - CREDIT MUTUEL	464	20250808	401	Fournisseurs	4013CAVES	LES 3 CAVES	UGUH4KTLZV	20250808	LCR 3 CAVES SN	763,29	0,0	D	20251010		763,29	EUR
HA	Journal d’achat	465	20250809	6011100006	ACHATS MAT 1RES TX REDUIT (TVA 5.5%)			QTVVMZWS7Q	20250809	Facture SYSCO FRANCE SAS - 1251119518	66,71	0,0				66,71	EUR
HA	Journal d’achat	465	20250809	401	Fournisseurs	401100015	SYSCO FRANCE SAS	QTVVMZWS7Q	20250809	Facture SYSCO FRANCE SAS - 1251119518	0,0	70,38	DV	20250820		-70,38	EUR
HA	Journal d’achat	465	20250809	44566	TVA sur autres biens et services			QTVVMZWS7Q	20250809	Facture SYSCO FRANCE SAS - 1251119518	3,67	0,0				3,67	EUR
HA	Journal d’achat	466	20250809	60111	ACHATS MAT 1RES TX REDUIT			0GXEMZRJ0N	20250809	Facture SYSCO FRANCE SAS - 1251119517	604,42	0,0				604,42	EUR
HA	Journal d’achat	466	20250809	401	Fournisseurs	401100015	SYSCO FRANCE SAS	0GXEMZRJ0N	20250809	Facture SYSCO FRANCE SAS - 1251119517	0,0	641,3				-641,30	EUR
HA	Journal d’achat	466	20250809	44566	TVA sur autres biens et services			0GXEMZRJ0N	20250809	Facture SYSCO FRANCE SAS - 1251119517	36,88	0,0				36,88	EUR
OD	Journal des opérations diverses	467	20250810	401	Fournisseurs	401CARREF	CARREFOUR	D7GF9USZIV	20250810	Règlement espèce	205,0	0,0	EB	20250811		205,00	EUR
OD	Journal des opérations diverses	467	20250810	530	Caisse			D7GF9USZIV	20250810	Règlement espèce	0,0	205,0				-205,00	EUR
HA	Journal d’achat	468	20250810	6011300009	ACHATS MAT 1RES TX NORMAL (TVA 20%)			JOKQKO5AKS	20250810	Facture CARREFOUR - 14427758087097	187,43	0,0				187,43	EUR
HA	Journal d’achat	468	20250810	401	Fournisseurs	401CARREF	CARREFOUR	JOKQKO5AKS	20250810	Facture CARREFOUR - 14427758087097	0,0	416,49	EB	20250811		-416,49	EUR
HA	Journal d’achat	468	20250810	44566	TVA sur autres biens et services			JOKQKO5AKS	20250810	Facture CARREFOUR - 14427758087097	48,07	0,0				48,07	EUR
HA	Journal d’achat	468	20250810	6011100006	ACHATS MAT 1RES TX REDUIT (TVA 5.5%)			JOKQKO5AKS	20250810	Facture CARREFOUR - 14427758087097	191,65	0,0				191,65	EUR
HA	Journal d’achat	468	20250810	6011100003	ACHATS MAT 1RES TX REDUIT (Pas de TVA)			JOKQKO5AKS	20250810	Facture CARREFOUR - 14427758087097	0,0	10,66				-10,66	EUR
BQ1	Journal de trésorerie - CREDIT MUTUEL	469	20250811	5121001	Crédit Mutuel - CREDIT MUTUEL SUD OUEST			CCXVPCP2N9	20250811	VIR INST Sumup Limited SUMUP PID1281739 PAYOUT 110825 1705813632 25223IP1RT194006766	3420,73	0,0				3420,73	EUR
BQ1	Journal de trésorerie - CREDIT MUTUEL	469	20250811	530	Caisse			CCXVPCP2N9	20250811	VIR INST Sumup Limited SUMUP PID1281739 PAYOUT 110825 1705813632 25223IP1RT194006766	0,0	3420,73				-3420,73	EUR
HA	Journal d’achat	470	20250811	60111	ACHATS MAT 1RES TX REDUIT			WN7DHKKRRK	20250811	Facture PROMOCASH - 282214	472,86	0,0				472,86	EUR
HA	Journal d’achat	470	20250811	401	Fournisseurs	401PROMOC	PROMOCASH	WN7DHKKRRK	20250811	Facture PROMOCASH - 282214	0,0	526,1	EC	20250812		-526,10	EUR
HA	Journal d’achat	470	20250811	44566	TVA sur autres biens et services			WN7DHKKRRK	20250811	Facture PROMOCASH - 282214	53,24	0,0				53,24	EUR
BQ1	Journal de trésorerie - CREDIT MUTUEL	471	20250811	5121001	Crédit Mutuel - CREDIT MUTUEL SUD OUEST			ODFLVAMLAP	20250811	CARTE 10/08 CARREFOURMARKET SARLAT LA CAN MCC 5411 HYPERMAR EUR 211,49 5137340166584123000	0,0	211,49				-211,49	EUR
BQ1	Journal de trésorerie - CREDIT MUTUEL	471	20250811	401	Fournisseurs	401CARREF	CARREFOUR	ODFLVAMLAP	20250811	CARTE 10/08 CARREFOURMARKET SARLAT LA CAN MCC 5411 HYPERMAR EUR 211,49 5137340166584123000	211,49	0,0	EB	20250811		211,49	EUR
BQ1	Journal de trésorerie - CREDIT MUTUEL	472	20250811	5121001	Crédit Mutuel - CREDIT MUTUEL SUD OUEST			MPPSKRIVXM	20250811	PRLV Sysco France SAS /INV/1250922514 22.7.2025 2521602422600745 /INV/1250922514 22.7.2025 1500172996 2521602422600745	0,0	66,64				-66,64	EUR
BQ1	Journal de trésorerie - CREDIT MUTUEL	472	20250811	401	Fournisseurs	401100015	SYSCO FRANCE SAS	MPPSKRIVXM	20250811	PRLV Sysco France SAS /INV/1250922514 22.7.2025 2521602422600745 /INV/1250922514 22.7.2025 1500172996 2521602422600745	66,64	0,0	DO	20250811		66,64	EUR
BQ1	Journal de trésorerie - CREDIT MUTUEL	473	20250812	5121001	Crédit Mutuel - CREDIT MUTUEL SUD OUEST			SKDKKQDNHE	20250812	VIR INST Sumup Limited SUMUP PID1283228 PAYOUT 120825 1706966700 25224IP1RT194529950	776,61	0,0				776,61	EUR
BQ1	Journal de trésorerie - CREDIT MUTUEL	473	20250812	530	Caisse			SKDKKQDNHE	20250812	VIR INST Sumup Limited SUMUP PID1283228 PAYOUT 120825 1706966700 25224IP1RT194529950	0,0	776,61				-776,61	EUR
BQ1	Journal de trésorerie - CREDIT MUTUEL	474	20250812	5121001	Crédit Mutuel - CREDIT MUTUEL SUD OUEST			ZPTNAVYDHQ	20250812	CARTE 11/08 PROMOCASH 3 SARLAT LA CAN MCC 5411 HYPERMAR EUR 461,10 5137340166584123000	0,0	461,1				-461,10	EUR
BQ1	Journal de trésorerie - CREDIT MUTUEL	474	20250812	401	Fournisseurs	401PROMOC	PROMOCASH	ZPTNAVYDHQ	20250812	CARTE 11/08 PROMOCASH 3 SARLAT LA CAN MCC 5411 HYPERMAR EUR 461,10 5137340166584123000	461,1	0,0	EC	20250812		461,10	EUR
OD	Journal des opérations diverses	475	20250812	401	Fournisseurs	401PROMOC	PROMOCASH	IHL3GCTC2W	20250812	rgt esp	65,0	0,0	EC	20250812		65,00	EUR
OD	Journal des opérations diverses	475	20250812	44566	TVA sur autres biens et services			IHL3GCTC2W	20250812	rgt esp	0,0	65,0				-65,00	EUR
BQ1	Journal de trésorerie - CREDIT MUTUEL	476	20250812	5121001	Crédit Mutuel - CREDIT MUTUEL SUD OUEST			HSZCK3DPNH	20250812	CARTE 11/08 E.LECLERC SARLAT LA CAN MCC 5542 POMPES A EUR 40,63 5137340166584123000	0,0	40,63				-40,63	EUR
BQ1	Journal de trésorerie - CREDIT MUTUEL	476	20250812	401	Fournisseurs	401LECLER	LECLERC	HSZCK3DPNH	20250812	CARTE 11/08 E.LECLERC SARLAT LA CAN MCC 5542 POMPES A EUR 40,63 5137340166584123000	40,63	0,0	N	20251231		40,63	EUR
BQ1	Journal de trésorerie - CREDIT MUTUEL	477	20250812	5121001	Crédit Mutuel - CREDIT MUTUEL SUD OUEST			VFYJMSRKZO	20250812	CARTE 11/08 SNC DA SILVA SARLAT LA CAN MCC 7399 SERVICES EUR 42,19 5137340166584123000	0,0	42,19				-42,19	EUR
BQ1	Journal de trésorerie - CREDIT MUTUEL	477	20250812	6062	Fournitures non stockables (carburant)			VFYJMSRKZO	20250812	CARTE 11/08 SNC DA SILVA SARLAT LA CAN MCC 7399 SERVICES EUR 42,19 5137340166584123000	42,19	0,0				42,19	EUR
HA	Journal d’achat	478	20250812	4096	Fournisseurs - Créances pour emballages et matériel à rendre			VRHBAU5Q1T	20250812	Facture LES 3 CAVES - DUPLICATA FAC 11-20250801213	60,0	0,0				60,00	EUR
HA	Journal d’achat	478	20250812	401	Fournisseurs	4013CAVES	LES 3 CAVES	VRHBAU5Q1T	20250812	Facture LES 3 CAVES - DUPLICATA FAC 11-20250801213	0,0	869,75	D	20251010		-869,75	EUR
HA	Journal d’achat	478	20250812	6011300009	ACHATS MAT 1RES TX NORMAL (TVA 20%)			VRHBAU5Q1T	20250812	Facture LES 3 CAVES - DUPLICATA FAC 11-20250801213	674,79	0,0				674,79	EUR
HA	Journal d’achat	478	20250812	44566	TVA sur autres biens et services			VRHBAU5Q1T	20250812	Facture LES 3 CAVES - DUPLICATA FAC 11-20250801213	134,96	0,0				134,96	EUR
HA	Journal d’achat	479	20250812	60111	ACHATS MAT 1RES TX REDUIT			EMUTPMM2ZE	20250812	Facture SYSCO FRANCE SAS - 1251140009	1200,06	0,0				1200,06	EUR
HA	Journal d’achat	479	20250812	401	Fournisseurs	401100015	SYSCO FRANCE SAS	EMUTPMM2ZE	20250812	Facture SYSCO FRANCE SAS - 1251140009	0,0	1276,94				-1276,94	EUR
HA	Journal d’achat	479	20250812	44566	TVA sur autres biens et services			EMUTPMM2ZE	20250812	Facture SYSCO FRANCE SAS - 1251140009	76,88	0,0				76,88	EUR
BQ1	Journal de trésorerie - CREDIT MUTUEL	480	20250813	5121001	Crédit Mutuel - CREDIT MUTUEL SUD OUEST			92T7KJU1DZ	20250813	VIR INST Sumup Limited SUMUP PID1284809 PAYOUT 130825 1708022975 25225IP1RT195084185	861,86	0,0				861,86	EUR
BQ1	Journal de trésorerie - CREDIT MUTUEL	480	20250813	530	Caisse			92T7KJU1DZ	20250813	VIR INST Sumup Limited SUMUP PID1284809 PAYOUT 130825 1708022975 25225IP1RT195084185	0,0	861,86				-861,86	EUR
HA	Journal d’achat	481	20250813	6135000003	Locations mobilières (Pas de TVA)			QBAWE1RJWR	20250813	Facture SUMUP - 1380024191	29,0	0,0				29,00	EUR
HA	Journal d’achat	481	20250813	401	Fournisseurs	401100024	SUMUP	QBAWE1RJWR	20250813	Facture SUMUP - 1380024191	0,0	29,0	ED	20250815		-29,00	EUR
BQ1	Journal de trésorerie - CREDIT MUTUEL	482	20250814	5121001	Crédit Mutuel - CREDIT MUTUEL SUD OUEST			O1KTO9NGQH	20250814	VIR INST Sumup Limited SUMUP PID1286382 PAYOUT 140825 1709069579 25226IP1RT195597164	317,63	0,0				317,63	EUR
BQ1	Journal de trésorerie - CREDIT MUTUEL	482	20250814	530	Caisse			O1KTO9NGQH	20250814	VIR INST Sumup Limited SUMUP PID1286382 PAYOUT 140825 1709069579 25226IP1RT195597164	0,0	317,63				-317,63	EUR
BQ1	Journal de trésorerie - CREDIT MUTUEL	483	20250814	5121001	Crédit Mutuel - CREDIT MUTUEL SUD OUEST			IN206RV7VY	20250814	VIR INST LATUDE EXPERTISE F-202 NOCUS TOMY F-2025-0897 25226IP1RT195392689	0,0	600,0				-600,00	EUR
BQ1	Journal de trésorerie - CREDIT MUTUEL	483	20250814	401	Fournisseurs	401100018	LATUDE EXPERTISE & CONSEIL	IN206RV7VY	20250814	VIR INST LATUDE EXPERTISE F-202 NOCUS TOMY F-2025-0897 25226IP1RT195392689	600,0	0,0	DZ	20250814		600,00	EUR
RT	Journal des récupération de TVA	484	20250814	4456400009	TVA déductible sur encaissements (TVA 20%)			N6YQAPFX6Q	20250814	VIR INST LATUDE EXPERTISE F-202 NOCUS TOMY F-2025-0897 25226IP1RT195392689	0,0	100,0	EA	20250814		-100,00	EUR
RT	Journal des récupération de TVA	484	20250814	44566	TVA sur autres biens et services			N6YQAPFX6Q	20250814	VIR INST LATUDE EXPERTISE F-202 NOCUS TOMY F-2025-0897 25226IP1RT195392689	100,0	0,0				100,00	EUR
HA	Journal d’achat	485	20250814	6011100006	ACHATS MAT 1RES TX REDUIT (TVA 5.5%)			6IJ95CWSOL	20250814	Facture CARREFOUR - 14427758087136	62,93	0,0				62,93	EUR
HA	Journal d’achat	485	20250814	401	Fournisseurs	401CARREF	CARREFOUR	6IJ95CWSOL	20250814	Facture CARREFOUR - 14427758087136	0,0	426,5	EE	20250815		-426,50	EUR
HA	Journal d’achat	485	20250814	44566	TVA sur autres biens et services			6IJ95CWSOL	20250814	Facture CARREFOUR - 14427758087136	63,58	0,0				63,58	EUR
HA	Journal d’achat	485	20250814	6011300009	ACHATS MAT 1RES TX NORMAL (TVA 20%)			6IJ95CWSOL	20250814	Facture CARREFOUR - 14427758087136	299,99	0,0				299,99	EUR
BQ1	Journal de trésorerie - CREDIT MUTUEL	486	20250814	5121001	Crédit Mutuel - CREDIT MUTUEL SUD OUEST			BVNBRL9USK	20250814	CARTE 13/08 LA HALLE CREPINO SAINT CREPIN MCC 5331 SUPERMAR EUR 9,50 5137340166584123000	0,0	9,5				-9,50	EUR
BQ1	Journal de trésorerie - CREDIT MUTUEL	486	20250814	401	Fournisseurs	401HALLE	LA HALLE CREPINOISE	BVNBRL9USK	20250814	CARTE 13/08 LA HALLE CREPINO SAINT CREPIN MCC 5331 SUPERMAR EUR 9,50 5137340166584123000	9,5	0,0	R	20251231		9,50	EUR
OD	Journal des opérations diverses	487	20250814	401	Fournisseurs	401CARREF	CARREFOUR	PCLNAUUHAJ	20250814	Règlement espèce	199,92	0,0	EE	20250815		199,92	EUR
OD	Journal des opérations diverses	487	20250814	530	Caisse			PCLNAUUHAJ	20250814	Règlement espèce	0,0	199,92				-199,92	EUR
BQ1	Journal de trésorerie - CREDIT MUTUEL	488	20250814	5121001	Crédit Mutuel - CREDIT MUTUEL SUD OUEST			PT7TDWA0CP	20250814	CARTE 13/08 MAC DONALD'S SARLAT LA CAN MCC 5814 RESTAURA EUR 58,35 5137340166584123000	0,0	58,35				-58,35	EUR
BQ1	Journal de trésorerie - CREDIT MUTUEL	488	20250814	108	Compte de l'exploitant			PT7TDWA0CP	20250814	CARTE 13/08 MAC DONALD'S SARLAT LA CAN MCC 5814 RESTAURA EUR 58,35 5137340166584123000	58,35	0,0				58,35	EUR
HA	Journal d’achat	489	20250814	4096	Fournisseurs - Créances pour emballages et matériel à rendre			Q2IOYMCCT8	20250814	Avoir LES 3 CAVES - DUPLICATA FAC 11-20250801935	0,0	240,0				-240,00	EUR
HA	Journal d’achat	489	20250814	401	Fournisseurs	4013CAVES	LES 3 CAVES	Q2IOYMCCT8	20250814	Avoir LES 3 CAVES - DUPLICATA FAC 11-20250801935	139,96	0,0	D	20251010		139,96	EUR
HA	Journal d’achat	489	20250814	6011300009	ACHATS MAT 1RES TX NORMAL (TVA 20%)			Q2IOYMCCT8	20250814	Avoir LES 3 CAVES - DUPLICATA FAC 11-20250801935	83,37	0,0				83,37	EUR
HA	Journal d’achat	489	20250814	44566	TVA sur autres biens et services			Q2IOYMCCT8	20250814	Avoir LES 3 CAVES - DUPLICATA FAC 11-20250801935	16,67	0,0				16,67	EUR
HA	Journal d’achat	490	20250814	60111	ACHATS MAT 1RES TX REDUIT			7LWWKI7EDO	20250814	Facture SYSCO FRANCE SAS - 1251169436	332,65	0,0				332,65	EUR
HA	Journal d’achat	490	20250814	401	Fournisseurs	401100015	SYSCO FRANCE SAS	7LWWKI7EDO	20250814	Facture SYSCO FRANCE SAS - 1251169436	0,0	358,96				-358,96	EUR
HA	Journal d’achat	490	20250814	44566	TVA sur autres biens et services			7LWWKI7EDO	20250814	Facture SYSCO FRANCE SAS - 1251169436	26,31	0,0				26,31	EUR
BQ1	Journal de trésorerie - CREDIT MUTUEL	491	20250815	5121001	Crédit Mutuel - CREDIT MUTUEL SUD OUEST			YXY06VC9E3	20250815	CARTE 14/08 SumUp *Tomy Noc Saint Crepin MCC 5812 RESTAURA EUR 1,00 5137340166584123000	0,0	1,0				-1,00	EUR
BQ1	Journal de trésorerie - CREDIT MUTUEL	491	20250815	627	Services bancaires et assimilés			YXY06VC9E3	20250815	CARTE 14/08 SumUp *Tomy Noc Saint Crepin MCC 5812 RESTAURA EUR 1,00 5137340166584123000	1,0	0,0				1,00	EUR
BQ1	Journal de trésorerie - CREDIT MUTUEL	492	20250815	5121001	Crédit Mutuel - CREDIT MUTUEL SUD OUEST			HBWUYS1FFP	20250815	VIR INST Sumup Limited SUMUP PID1288002 PAYOUT 150825 1710153848 25227IP1RT196082678	791,01	0,0				791,01	EUR
BQ1	Journal de trésorerie - CREDIT MUTUEL	492	20250815	530	Caisse			HBWUYS1FFP	20250815	VIR INST Sumup Limited SUMUP PID1288002 PAYOUT 150825 1710153848 25227IP1RT196082678	0,0	791,01				-791,01	EUR
BQ1	Journal de trésorerie - CREDIT MUTUEL	493	20250815	5121001	Crédit Mutuel - CREDIT MUTUEL SUD OUEST			JCZFMNZOCA	20250815	PRLV SumUp Payments Limited SUMUP LIMITED 12.08.2025 2522623011950380 SUMUP LIMITED 12.08.2025 TYQQPPE9XS 2522623011950380	0,0	29,0				-29,00	EUR
BQ1	Journal de trésorerie - CREDIT MUTUEL	493	20250815	401	Fournisseurs	401100024	SUMUP	JCZFMNZOCA	20250815	PRLV SumUp Payments Limited SUMUP LIMITED 12.08.2025 2522623011950380 SUMUP LIMITED 12.08.2025 TYQQPPE9XS 2522623011950380	29,0	0,0	ED	20250815		29,00	EUR
BQ1	Journal de trésorerie - CREDIT MUTUEL	494	20250815	5121001	Crédit Mutuel - CREDIT MUTUEL SUD OUEST			1AVA3TKMQ8	20250815	CARTE 14/08 CARREFOURMARKET SARLAT LA CAN MCC 5411 HYPERMAR EUR 226,58 5137340166584123000	0,0	226,58				-226,58	EUR
BQ1	Journal de trésorerie - CREDIT MUTUEL	494	20250815	401	Fournisseurs	401CARREF	CARREFOUR	1AVA3TKMQ8	20250815	CARTE 14/08 CARREFOURMARKET SARLAT LA CAN MCC 5411 HYPERMAR EUR 226,58 5137340166584123000	226,58	0,0	EE	20250815		226,58	EUR
BQ1	Journal de trésorerie - CREDIT MUTUEL	495	20250815	5121001	Crédit Mutuel - CREDIT MUTUEL SUD OUEST			PZ8NEVQMLC	20250815	PRLV Sysco France SAS /ADV/1500187777 15.8.2025 2521809410800435 /ADV/1500187777 15.8.2025 1500187777 2521809410800435	0,0	2889,62				-2889,62	EUR
BQ1	Journal de trésorerie - CREDIT MUTUEL	495	20250815	401	Fournisseurs	401100015	SYSCO FRANCE SAS	PZ8NEVQMLC	20250815	PRLV Sysco France SAS /ADV/1500187777 15.8.2025 2521809410800435 /ADV/1500187777 15.8.2025 1500187777 2521809410800435	2889,62	0,0	DM	20250815		2889,62	EUR
HA	Journal d’achat	496	20250816	6011100006	ACHATS MAT 1RES TX REDUIT (TVA 5.5%)			FNSG86DPGA	20250816	Facture SYSCO FRANCE SAS - 1251188822	79,03	0,0				79,03	EUR
HA	Journal d’achat	496	20250816	401	Fournisseurs	401100015	SYSCO FRANCE SAS	FNSG86DPGA	20250816	Facture SYSCO FRANCE SAS - 1251188822	0,0	83,38				-83,38	EUR
HA	Journal d’achat	496	20250816	44566	TVA sur autres biens et services			FNSG86DPGA	20250816	Facture SYSCO FRANCE SAS - 1251188822	4,35	0,0				4,35	EUR
HA	Journal d’achat	497	20250816	6011100006	ACHATS MAT 1RES TX REDUIT (TVA 5.5%)			39TTFTLAXJ	20250816	Facture SYSCO FRANCE SAS - 1251188821	221,41	0,0				221,41	EUR
HA	Journal d’achat	497	20250816	401	Fournisseurs	401100015	SYSCO FRANCE SAS	39TTFTLAXJ	20250816	Facture SYSCO FRANCE SAS - 1251188821	0,0	233,59				-233,59	EUR
HA	Journal d’achat	497	20250816	44566	TVA sur autres biens et services			39TTFTLAXJ	20250816	Facture SYSCO FRANCE SAS - 1251188821	12,18	0,0				12,18	EUR
BQ1	Journal de trésorerie - CREDIT MUTUEL	498	20250818	5121001	Crédit Mutuel - CREDIT MUTUEL SUD OUEST			2MDWMY4MYM	20250818	VIR INST Sumup Limited SUMUP PID1292147 PAYOUT 180825 1712695562 25230IP1RT197380426	1929,95	0,0				1929,95	EUR
BQ1	Journal de trésorerie - CREDIT MUTUEL	498	20250818	530	Caisse			2MDWMY4MYM	20250818	VIR INST Sumup Limited SUMUP PID1292147 PAYOUT 180825 1712695562 25230IP1RT197380426	0,0	1929,95				-1929,95	EUR
BQ1	Journal de trésorerie - CREDIT MUTUEL	499	20250818	7580000003	Indemnités et autres produits (anciennement Produits divers de gestion courante) (Pas de TVA)			I3LJ25Z5PG	20250818	LCR 3 CAVES SN	0,0	6,3				-6,30	EUR
BQ1	Journal de trésorerie - CREDIT MUTUEL	499	20250818	5121001	Crédit Mutuel - CREDIT MUTUEL SUD OUEST			I3LJ25Z5PG	20250818	LCR 3 CAVES SN	0,0	802,64				-802,64	EUR
BQ1	Journal de trésorerie - CREDIT MUTUEL	499	20250818	401	Fournisseurs	4013CAVES	LES 3 CAVES	I3LJ25Z5PG	20250818	LCR 3 CAVES SN	808,94	0,0	D	20251010		808,94	EUR
BQ1	Journal de trésorerie - CREDIT MUTUEL	500	20250818	5121001	Crédit Mutuel - CREDIT MUTUEL SUD OUEST			KRW5QXHHXP	20250818	PRLV URSSAF D'AQUITAINE UR 727000000657515045 003 2522623566640409 UR 727000000657515045 00300006099698180825 RC057272508122118300006099698001835 2522623566640409	0,0	310,59				-310,59	EUR
BQ1	Journal de trésorerie - CREDIT MUTUEL	500	20250818	431	Sécurité sociale			KRW5QXHHXP	20250818	PRLV URSSAF D'AQUITAINE UR 727000000657515045 003 2522623566640409 UR 727000000657515045 00300006099698180825 RC057272508122118300006099698001835 2522623566640409	310,59	0,0				310,59	EUR
BQ1	Journal de trésorerie - CREDIT MUTUEL	501	20250819	5121001	Crédit Mutuel - CREDIT MUTUEL SUD OUEST			FBI7FKFQWU	20250819	VIR INST Sumup Limited SUMUP PID1293556 PAYOUT 190825 1713784095 25231IP1RT197915429	517,28	0,0				517,28	EUR
BQ1	Journal de trésorerie - CREDIT MUTUEL	501	20250819	530	Caisse			FBI7FKFQWU	20250819	VIR INST Sumup Limited SUMUP PID1293556 PAYOUT 190825 1713784095 25231IP1RT197915429	0,0	517,28				-517,28	EUR
BQ1	Journal de trésorerie - CREDIT MUTUEL	502	20250819	5121001	Crédit Mutuel - CREDIT MUTUEL SUD OUEST			UEL5LAS0AY	20250819	CARTE 18/08 CARREFOURMARKET SARLAT LA CAN MCC 5411 HYPERMAR EUR 304,35 5137340166584123000	0,0	304,35				-304,35	EUR
BQ1	Journal de trésorerie - CREDIT MUTUEL	502	20250819	401	Fournisseurs	401CARREF	CARREFOUR	UEL5LAS0AY	20250819	CARTE 18/08 CARREFOURMARKET SARLAT LA CAN MCC 5411 HYPERMAR EUR 304,35 5137340166584123000	304,35	0,0	I	20251231		304,35	EUR
BQ1	Journal de trésorerie - CREDIT MUTUEL	503	20250819	5121001	Crédit Mutuel - CREDIT MUTUEL SUD OUEST			OVHXXG40KG	20250819	CARTE 18/08 MAC DONALD'S SARLAT LA CAN MCC 5814 RESTAURA EUR 43,85 5137340166584123000	0,0	43,85				-43,85	EUR
BQ1	Journal de trésorerie - CREDIT MUTUEL	503	20250819	108	Compte de l'exploitant			OVHXXG40KG	20250819	CARTE 18/08 MAC DONALD'S SARLAT LA CAN MCC 5814 RESTAURA EUR 43,85 5137340166584123000	43,85	0,0				43,85	EUR
HA	Journal d’achat	504	20250819	60111	ACHATS MAT 1RES TX REDUIT			NGAHRCPPA2	20250819	Facture LES 3 CAVES - DUPLICATA FAC 11-20250802141	468,84	0,0				468,84	EUR
HA	Journal d’achat	504	20250819	401	Fournisseurs	4013CAVES	LES 3 CAVES	NGAHRCPPA2	20250819	Facture LES 3 CAVES - DUPLICATA FAC 11-20250802141	0,0	740,35	D	20251010		-740,35	EUR
HA	Journal d’achat	504	20250819	44566	TVA sur autres biens et services			NGAHRCPPA2	20250819	Facture LES 3 CAVES - DUPLICATA FAC 11-20250802141	91,51	0,0				91,51	EUR
HA	Journal d’achat	504	20250819	4096	Fournisseurs - Créances pour emballages et matériel à rendre			NGAHRCPPA2	20250819	Facture LES 3 CAVES - DUPLICATA FAC 11-20250802141	180,0	0,0				180,00	EUR
BQ1	Journal de trésorerie - CREDIT MUTUEL	505	20250820	5121001	Crédit Mutuel - CREDIT MUTUEL SUD OUEST			OYCDM1LGWT	20250820	VIR INST Sumup Limited SUMUP PID1295186 PAYOUT 200825 1714869417 25232IP1RT198487064	605,04	0,0				605,04	EUR
BQ1	Journal de trésorerie - CREDIT MUTUEL	505	20250820	530	Caisse			OYCDM1LGWT	20250820	VIR INST Sumup Limited SUMUP PID1295186 PAYOUT 200825 1714869417 25232IP1RT198487064	0,0	605,04				-605,04	EUR
BQ1	Journal de trésorerie - CREDIT MUTUEL	506	20250820	5121001	Crédit Mutuel - CREDIT MUTUEL SUD OUEST			ZIXEYPZK7E	20250820	CARTE 19/08 SNC LOU BAOU SALIGNAC EYVI MCC 5993 MAGASINS EUR 22,80 5137340166584123000	0,0	22,8				-22,80	EUR
BQ1	Journal de trésorerie - CREDIT MUTUEL	506	20250820	618	Divers			ZIXEYPZK7E	20250820	CARTE 19/08 SNC LOU BAOU SALIGNAC EYVI MCC 5993 MAGASINS EUR 22,80 5137340166584123000	22,8	0,0				22,80	EUR
BQ1	Journal de trésorerie - CREDIT MUTUEL	507	20250820	5121001	Crédit Mutuel - CREDIT MUTUEL SUD OUEST			MA0UQPM04O	20250820	CARTE 19/08 SARL MARABOIS ARCHIGNAC MCC 5812 RESTAURA EUR 160,50 5137340166584123000	0,0	160,5				-160,50	EUR
BQ1	Journal de trésorerie - CREDIT MUTUEL	507	20250820	401	Fournisseurs	401100003	Restaurants	MA0UQPM04O	20250820	CARTE 19/08 SARL MARABOIS ARCHIGNAC MCC 5812 RESTAURA EUR 160,50 5137340166584123000	160,5	0,0	EF	20250820		160,50	EUR
OD	Journal des opérations diverses	508	20250820	401	Fournisseurs	401100003	Restaurants	WLDXWGKTMO	20250820	CCA	0,0	160,5	EF	20250820		-160,50	EUR
OD	Journal des opérations diverses	508	20250820	108	Compte de l'exploitant			WLDXWGKTMO	20250820	CCA	160,5	0,0				160,50	EUR
BQ1	Journal de trésorerie - CREDIT MUTUEL	509	20250820	5121001	Crédit Mutuel - CREDIT MUTUEL SUD OUEST			UCV0GVSZDP	20250820	PRLV Sysco France SAS /INV/1251049654 2.8.2025/INV/125 2522317891870286 /INV/1251049654 2.8.2025/INV/1251119518 9.8.2025 1500212224 2522317891870286	0,0	142,75				-142,75	EUR
BQ1	Journal de trésorerie - CREDIT MUTUEL	509	20250820	401	Fournisseurs	401100015	SYSCO FRANCE SAS	UCV0GVSZDP	20250820	PRLV Sysco France SAS /INV/1251049654 2.8.2025/INV/125 2522317891870286 /INV/1251049654 2.8.2025/INV/1251119518 9.8.2025 1500212224 2522317891870286	142,75	0,0	DV	20250820		142,75	EUR
BQ1	Journal de trésorerie - CREDIT MUTUEL	510	20250821	5121001	Crédit Mutuel - CREDIT MUTUEL SUD OUEST			1LHO7NBJAN	20250821	VIR INST Sumup Limited SUMUP PID1296721 PAYOUT 210825 1715893085 25233IP1RT198941705	478,74	0,0				478,74	EUR
BQ1	Journal de trésorerie - CREDIT MUTUEL	510	20250821	530	Caisse			1LHO7NBJAN	20250821	VIR INST Sumup Limited SUMUP PID1296721 PAYOUT 210825 1715893085 25233IP1RT198941705	0,0	478,74				-478,74	EUR
BQ1	Journal de trésorerie - CREDIT MUTUEL	511	20250821	5121001	Crédit Mutuel - CREDIT MUTUEL SUD OUEST			2QUNYMCTDB	20250821	VIR GUY MARIEL - Loyer NOCUS TOMY MICHEL SYLVAIN 2523334862680001	0,0	1800,0				-1800,00	EUR
BQ1	Journal de trésorerie - CREDIT MUTUEL	511	20250821	6132	Locations immobilières			2QUNYMCTDB	20250821	VIR GUY MARIEL - Loyer NOCUS TOMY MICHEL SYLVAIN 2523334862680001	1800,0	0,0				1800,00	EUR
HA	Journal d’achat	512	20250821	4096	Fournisseurs - Créances pour emballages et matériel à rendre			M0ZJSQXGOY	20250821	Facture LES 3 CAVES - DUPLICATA FAC 11-20250802732	0,0	150,0				-150,00	EUR
HA	Journal d’achat	512	20250821	401	Fournisseurs	4013CAVES	LES 3 CAVES	M0ZJSQXGOY	20250821	Facture LES 3 CAVES - DUPLICATA FAC 11-20250802732	0,0	63,9	D	20251010		-63,90	EUR
HA	Journal d’achat	512	20250821	6011300009	ACHATS MAT 1RES TX NORMAL (TVA 20%)			M0ZJSQXGOY	20250821	Facture LES 3 CAVES - DUPLICATA FAC 11-20250802732	178,25	0,0				178,25	EUR
HA	Journal d’achat	512	20250821	44566	TVA sur autres biens et services			M0ZJSQXGOY	20250821	Facture LES 3 CAVES - DUPLICATA FAC 11-20250802732	35,65	0,0				35,65	EUR
HA	Journal d’achat	513	20250821	6011100006	ACHATS MAT 1RES TX REDUIT (TVA 5.5%)			QIH7PSOH9G	20250821	Avoir SYSCO FRANCE SAS - 1251238891	0,0	49,35				-49,35	EUR
HA	Journal d’achat	513	20250821	401	Fournisseurs	401100015	SYSCO FRANCE SAS	QIH7PSOH9G	20250821	Avoir SYSCO FRANCE SAS - 1251238891	52,06	0,0				52,06	EUR
HA	Journal d’achat	513	20250821	44566	TVA sur autres biens et services			QIH7PSOH9G	20250821	Avoir SYSCO FRANCE SAS - 1251238891	0,0	2,71				-2,71	EUR
HA	Journal d’achat	514	20250821	60111	ACHATS MAT 1RES TX REDUIT			WHUCEBEL0X	20250821	Facture SYSCO FRANCE SAS - 1251234017	502,27	0,0				502,27	EUR
HA	Journal d’achat	514	20250821	401	Fournisseurs	401100015	SYSCO FRANCE SAS	WHUCEBEL0X	20250821	Facture SYSCO FRANCE SAS - 1251234017	0,0	530,26				-530,26	EUR
HA	Journal d’achat	514	20250821	44566	TVA sur autres biens et services			WHUCEBEL0X	20250821	Facture SYSCO FRANCE SAS - 1251234017	27,99	0,0				27,99	EUR
BQ1	Journal de trésorerie - CREDIT MUTUEL	515	20250822	5121001	Crédit Mutuel - CREDIT MUTUEL SUD OUEST			VA96JYLTPJ	20250822	VIR INST Sumup Limited SUMUP PID1298352 PAYOUT 220825 1717023756 25234IP1RT199473051	136,57	0,0				136,57	EUR
BQ1	Journal de trésorerie - CREDIT MUTUEL	515	20250822	530	Caisse			VA96JYLTPJ	20250822	VIR INST Sumup Limited SUMUP PID1298352 PAYOUT 220825 1717023756 25234IP1RT199473051	0,0	136,57				-136,57	EUR
BQ1	Journal de trésorerie - CREDIT MUTUEL	516	20250822	5121001	Crédit Mutuel - CREDIT MUTUEL SUD OUEST			BVG7SHTUTP	20250822	CARTE 21/08 CARREFOURMARKET SARLAT LA CAN MCC 5411 HYPERMAR EUR 167,06 5137340166584123000	0,0	167,06				-167,06	EUR
BQ1	Journal de trésorerie - CREDIT MUTUEL	516	20250822	401	Fournisseurs	401CARREF	CARREFOUR	BVG7SHTUTP	20250822	CARTE 21/08 CARREFOURMARKET SARLAT LA CAN MCC 5411 HYPERMAR EUR 167,06 5137340166584123000	167,06	0,0	I	20251231		167,06	EUR
BQ1	Journal de trésorerie - CREDIT MUTUEL	517	20250822	5121001	Crédit Mutuel - CREDIT MUTUEL SUD OUEST			EL4QPXVEV0	20250822	VIR INST SARL LE PIGEONNIER COMP Retrocession encaissement cb 25234IP1RT199424471	406,8	0,0				406,80	EUR
BQ1	Journal de trésorerie - CREDIT MUTUEL	517	20250822	530	Caisse			EL4QPXVEV0	20250822	VIR INST SARL LE PIGEONNIER COMP Retrocession encaissement cb 25234IP1RT199424471	0,0	406,8				-406,80	EUR
BQ1	Journal de trésorerie - CREDIT MUTUEL	518	20250822	5121001	Crédit Mutuel - CREDIT MUTUEL SUD OUEST			0UPSNXCODR	20250822	VIR EMMA JUREK - Salaire Salaire - Le Resto 2523436314090001	0,0	1477,18				-1477,18	EUR
BQ1	Journal de trésorerie - CREDIT MUTUEL	518	20250822	421	PERSONNEL REMUNERAT DUES			0UPSNXCODR	20250822	VIR EMMA JUREK - Salaire Salaire - Le Resto 2523436314090001	1477,18	0,0	EG	20250831		1477,18	EUR
BQ1	Journal de trésorerie - CREDIT MUTUEL	519	20250822	5121001	Crédit Mutuel - CREDIT MUTUEL SUD OUEST			DGASB9RXLM	20250822	VIR Salaire Hugo prunier Salaire Le Resto 2523436318040001	0,0	988,47				-988,47	EUR
BQ1	Journal de trésorerie - CREDIT MUTUEL	519	20250822	421	PERSONNEL REMUNERAT DUES			DGASB9RXLM	20250822	VIR Salaire Hugo prunier Salaire Le Resto 2523436318040001	988,47	0,0	EH	20250831		988,47	EUR
BQ1	Journal de trésorerie - CREDIT MUTUEL	520	20250822	5121001	Crédit Mutuel - CREDIT MUTUEL SUD OUEST			BA9UNKMJ4S	20250822	LCR 3 CAVES SN	0,0	869,75				-869,75	EUR
BQ1	Journal de trésorerie - CREDIT MUTUEL	520	20250822	401	Fournisseurs	4013CAVES	LES 3 CAVES	BA9UNKMJ4S	20250822	LCR 3 CAVES SN	869,75	0,0	D	20251010		869,75	EUR
BQ1	Journal de trésorerie - CREDIT MUTUEL	521	20250823	5121001	Crédit Mutuel - CREDIT MUTUEL SUD OUEST			6ICR8AMATQ	20250823	CARTE 22/08 INTERMARCHE SALIGNAC EYVI MCC 5331 SUPERMAR EUR 75,35 5137340166584123000	0,0	75,35				-75,35	EUR
BQ1	Journal de trésorerie - CREDIT MUTUEL	521	20250823	401	Fournisseurs	401INTERM	INTERMARCHE	6ICR8AMATQ	20250823	CARTE 22/08 INTERMARCHE SALIGNAC EYVI MCC 5331 SUPERMAR EUR 75,35 5137340166584123000	75,35	0,0	J	20251231		75,35	EUR
BQ1	Journal de trésorerie - CREDIT MUTUEL	522	20250825	5121001	Crédit Mutuel - CREDIT MUTUEL SUD OUEST			TZLGYHNK8L	20250825	VIR INST Sumup Limited SUMUP PID1302447 PAYOUT 250825 1719621104 25237IP1RT200856430	1180,88	0,0				1180,88	EUR
BQ1	Journal de trésorerie - CREDIT MUTUEL	522	20250825	530	Caisse			TZLGYHNK8L	20250825	VIR INST Sumup Limited SUMUP PID1302447 PAYOUT 250825 1719621104 25237IP1RT200856430	0,0	1180,88				-1180,88	EUR
BQ1	Journal de trésorerie - CREDIT MUTUEL	523	20250826	5121001	Crédit Mutuel - CREDIT MUTUEL SUD OUEST			GVKD3TIMEG	20250826	VIR INST Sumup Limited SUMUP PID1303922 PAYOUT 260825 1720643064 25238IP1RT201447124	205,92	0,0				205,92	EUR
BQ1	Journal de trésorerie - CREDIT MUTUEL	523	20250826	530	Caisse			GVKD3TIMEG	20250826	VIR INST Sumup Limited SUMUP PID1303922 PAYOUT 260825 1720643064 25238IP1RT201447124	0,0	205,92				-205,92	EUR
BQ1	Journal de trésorerie - CREDIT MUTUEL	524	20250826	5121001	Crédit Mutuel - CREDIT MUTUEL SUD OUEST			KTGOAKOUMI	20250826	CARTE 25/08 CARREFOURMARKET SARLAT LA CAN MCC 5411 HYPERMAR EUR 158,65 5137340166584123000	0,0	158,65				-158,65	EUR
BQ1	Journal de trésorerie - CREDIT MUTUEL	524	20250826	401	Fournisseurs	401CARREF	CARREFOUR	KTGOAKOUMI	20250826	CARTE 25/08 CARREFOURMARKET SARLAT LA CAN MCC 5411 HYPERMAR EUR 158,65 5137340166584123000	158,65	0,0	I	20251231		158,65	EUR
BQ1	Journal de trésorerie - CREDIT MUTUEL	525	20250827	5121001	Crédit Mutuel - CREDIT MUTUEL SUD OUEST			UGOWDSXEZ1	20250827	VIR INST Sumup Limited SUMUP PID1305412 PAYOUT 270825 1721728111 25239IP1RT202098768	116,82	0,0				116,82	EUR
BQ1	Journal de trésorerie - CREDIT MUTUEL	525	20250827	530	Caisse			UGOWDSXEZ1	20250827	VIR INST Sumup Limited SUMUP PID1305412 PAYOUT 270825 1721728111 25239IP1RT202098768	0,0	116,82				-116,82	EUR
BQ1	Journal de trésorerie - CREDIT MUTUEL	526	20250828	5121001	Crédit Mutuel - CREDIT MUTUEL SUD OUEST			ETTXRMBDSZ	20250828	VIR INST Sumup Limited SUMUP PID1306958 PAYOUT 280825 1722810286 25240IP1RT202851567	186,19	0,0				186,19	EUR
BQ1	Journal de trésorerie - CREDIT MUTUEL	526	20250828	530	Caisse			ETTXRMBDSZ	20250828	VIR INST Sumup Limited SUMUP PID1306958 PAYOUT 280825 1722810286 25240IP1RT202851567	0,0	186,19				-186,19	EUR
BQ1	Journal de trésorerie - CREDIT MUTUEL	527	20250829	5121001	Crédit Mutuel - CREDIT MUTUEL SUD OUEST			GUOTQB7JKE	20250829	VIR INST Sumup Limited SUMUP PID1308497 PAYOUT 290825 1723923436 25241IP1RT203649846	27,71	0,0				27,71	EUR
BQ1	Journal de trésorerie - CREDIT MUTUEL	527	20250829	530	Caisse			GUOTQB7JKE	20250829	VIR INST Sumup Limited SUMUP PID1308497 PAYOUT 290825 1723923436 25241IP1RT203649846	0,0	27,71				-27,71	EUR
BQ1	Journal de trésorerie - CREDIT MUTUEL	528	20250829	5121001	Crédit Mutuel - CREDIT MUTUEL SUD OUEST			8V3P4PDP8G	20250829	VIR GUY MARIEL NOCUS TOMY MICHEL SYLVAIN 2524151752210001	0,0	1800,0				-1800,00	EUR
BQ1	Journal de trésorerie - CREDIT MUTUEL	528	20250829	6132	Locations immobilières			8V3P4PDP8G	20250829	VIR GUY MARIEL NOCUS TOMY MICHEL SYLVAIN 2524151752210001	1800,0	0,0				1800,00	EUR
BQ1	Journal de trésorerie - CREDIT MUTUEL	529	20250829	5121001	Crédit Mutuel - CREDIT MUTUEL SUD OUEST			KGJOEOIN31	20250829	CARTE 28/08 MAC DONALD'S SARLAT LA CAN MCC 5814 RESTAURA EUR 29,95 5137340166584123000	0,0	29,95				-29,95	EUR
BQ1	Journal de trésorerie - CREDIT MUTUEL	529	20250829	108	Compte de l'exploitant			KGJOEOIN31	20250829	CARTE 28/08 MAC DONALD'S SARLAT LA CAN MCC 5814 RESTAURA EUR 29,95 5137340166584123000	29,95	0,0				29,95	EUR
BQ1	Journal de trésorerie - CREDIT MUTUEL	530	20250829	5121001	Crédit Mutuel - CREDIT MUTUEL SUD OUEST			NPRB3694B2	20250829	VIR LABICHE MYLENE NOCUS TOMY MICHEL SYLVAIN 2524151757280001	0,0	250,0				-250,00	EUR
BQ1	Journal de trésorerie - CREDIT MUTUEL	530	20250829	108	Compte de l'exploitant			NPRB3694B2	20250829	VIR LABICHE MYLENE NOCUS TOMY MICHEL SYLVAIN 2524151757280001	250,0	0,0				250,00	EUR
BQ1	Journal de trésorerie - CREDIT MUTUEL	531	20250830	5121001	Crédit Mutuel - CREDIT MUTUEL SUD OUEST			ZWYISRPHPJ	20250830	F COMMISSION D'INTERVENTION 08/25	0,0	38,4				-38,40	EUR
BQ1	Journal de trésorerie - CREDIT MUTUEL	531	20250830	627	Services bancaires et assimilés			ZWYISRPHPJ	20250830	F COMMISSION D'INTERVENTION 08/25	38,4	0,0				38,40	EUR
PA	Journal de Paie	532	20250831	6411	Salaires, appointements			YC9ZJZ2JVZ	20250831	SALAIRE LABICHE 08/2025	1805,76	0,0				1805,76	EUR
PA	Journal de Paie	532	20250831	6451	Cotisations à l'Urssaf			YC9ZJZ2JVZ	20250831	SALAIRE LABICHE 08/2025	18,36	0,0				18,36	EUR
PA	Journal de Paie	532	20250831	6453	Cotisations aux caisses de retraites			YC9ZJZ2JVZ	20250831	SALAIRE LABICHE 08/2025	34,65	0,0				34,65	EUR
PA	Journal de Paie	532	20250831	6452	Cotisations aux mutuelles			YC9ZJZ2JVZ	20250831	SALAIRE LABICHE 08/2025	34,65	0,0				34,65	EUR
PA	Journal de Paie	532	20250831	421	PERSONNEL REMUNERAT DUES			YC9ZJZ2JVZ	20250831	SALAIRE LABICHE 08/2025	0,0	1377,33				-1377,33	EUR
PA	Journal de Paie	532	20250831	431	Sécurité sociale			YC9ZJZ2JVZ	20250831	SALAIRE LABICHE 08/2025	0,0	516,09				-516,09	EUR
PA	Journal de Paie	533	20250831	6411	Salaires, appointements			RHTHHTNUJD	20250831	SALAIRE JUREK 08/2025	1896,05	0,0				1896,05	EUR
PA	Journal de Paie	533	20250831	6451	Cotisations à l'Urssaf			RHTHHTNUJD	20250831	SALAIRE JUREK 08/2025	245,09	0,0				245,09	EUR
PA	Journal de Paie	533	20250831	6453	Cotisations aux caisses de retraites			RHTHHTNUJD	20250831	SALAIRE JUREK 08/2025	99,16	0,0				99,16	EUR
PA	Journal de Paie	533	20250831	6452	Cotisations aux mutuelles			RHTHHTNUJD	20250831	SALAIRE JUREK 08/2025	8,15	0,0				8,15	EUR
PA	Journal de Paie	533	20250831	421	PERSONNEL REMUNERAT DUES			RHTHHTNUJD	20250831	SALAIRE JUREK 08/2025	0,0	1477,18	EG	20250831		-1477,18	EUR
PA	Journal de Paie	533	20250831	431	Sécurité sociale			RHTHHTNUJD	20250831	SALAIRE JUREK 08/2025	0,0	771,27				-771,27	EUR
PA	Journal de Paie	534	20250831	6411	Salaires, appointements			7MZDTQP4VD	20250831	SALAIRE PRUNIER 08/2025	1268,78	0,0				1268,78	EUR
PA	Journal de Paie	534	20250831	6451	Cotisations à l'Urssaf			7MZDTQP4VD	20250831	SALAIRE PRUNIER 08/2025	167,35	0,0				167,35	EUR
PA	Journal de Paie	534	20250831	6453	Cotisations aux caisses de retraites			7MZDTQP4VD	20250831	SALAIRE PRUNIER 08/2025	66,36	0,0				66,36	EUR
PA	Journal de Paie	534	20250831	6452	Cotisations aux mutuelles			7MZDTQP4VD	20250831	SALAIRE PRUNIER 08/2025	5,46	0,0				5,46	EUR
PA	Journal de Paie	534	20250831	421	PERSONNEL REMUNERAT DUES			7MZDTQP4VD	20250831	SALAIRE PRUNIER 08/2025	0,0	988,47	EH	20250831		-988,47	EUR
PA	Journal de Paie	534	20250831	431	Sécurité sociale			7MZDTQP4VD	20250831	SALAIRE PRUNIER 08/2025	0,0	519,48				-519,48	EUR
BQ1	Journal de trésorerie - CREDIT MUTUEL	535	20250901	5121001	Crédit Mutuel - CREDIT MUTUEL SUD OUEST			GWNCZ7TDSL	20250901	VIR INST Sumup Limited SUMUP PID1312565 PAYOUT 010925 1726567488 25244IP1RT205704496	106,7	0,0				106,70	EUR
BQ1	Journal de trésorerie - CREDIT MUTUEL	535	20250901	530	Caisse			GWNCZ7TDSL	20250901	VIR INST Sumup Limited SUMUP PID1312565 PAYOUT 010925 1726567488 25244IP1RT205704496	0,0	106,7				-106,70	EUR
BQ1	Journal de trésorerie - CREDIT MUTUEL	536	20250901	5121001	Crédit Mutuel - CREDIT MUTUEL SUD OUEST			WKBN5XD3UM	20250901	LOCATION PRO SOLUTION INETGRALE	0,0	12,0				-12,00	EUR
BQ1	Journal de trésorerie - CREDIT MUTUEL	536	20250901	6135	Locations mobilières			WKBN5XD3UM	20250901	LOCATION PRO SOLUTION INETGRALE	12,0	0,0				12,00	EUR
BQ1	Journal de trésorerie - CREDIT MUTUEL	537	20250902	5121001	Crédit Mutuel - CREDIT MUTUEL SUD OUEST			DLJOMXB4OW	20250902	COTISATION EUROCOMPTE PRO	0,0	29,46				-29,46	EUR
BQ1	Journal de trésorerie - CREDIT MUTUEL	537	20250902	627	Services bancaires et assimilés			DLJOMXB4OW	20250902	COTISATION EUROCOMPTE PRO	29,46	0,0				29,46	EUR
BQ1	Journal de trésorerie - CREDIT MUTUEL	538	20250902	5121001	Crédit Mutuel - CREDIT MUTUEL SUD OUEST			QDYN3CICSX	20250902	CARTE 01/09 MP*CARREFOUR DAC SARLAT LA CAN MCC 5542 POMPES A EUR 35,61 5137340166584123000	0,0	35,61				-35,61	EUR
BQ1	Journal de trésorerie - CREDIT MUTUEL	538	20250902	401	Fournisseurs	401CARREF	CARREFOUR	QDYN3CICSX	20250902	CARTE 01/09 MP*CARREFOUR DAC SARLAT LA CAN MCC 5542 POMPES A EUR 35,61 5137340166584123000	35,61	0,0	I	20251231		35,61	EUR
BQ1	Journal de trésorerie - CREDIT MUTUEL	539	20250903	5121001	Crédit Mutuel - CREDIT MUTUEL SUD OUEST			396UWZQQZG	20250903	F FRAIS PRLV IMPAYE SEPA Sysco France SAS 2524149680360444	0,0	20,0				-20,00	EUR
BQ1	Journal de trésorerie - CREDIT MUTUEL	539	20250903	627	Services bancaires et assimilés			396UWZQQZG	20250903	F FRAIS PRLV IMPAYE SEPA Sysco France SAS 2524149680360444	20,0	0,0				20,00	EUR
BQ1	Journal de trésorerie - CREDIT MUTUEL	540	20250903	5121001	Crédit Mutuel - CREDIT MUTUEL SUD OUEST			B3NI49XTBN	20250903	FRAIS EFF.IMPAYE S A S LES S A S LES 3 CAVES	0,0	16,5				-16,50	EUR
BQ1	Journal de trésorerie - CREDIT MUTUEL	540	20250903	627	Services bancaires et assimilés			B3NI49XTBN	20250903	FRAIS EFF.IMPAYE S A S LES S A S LES 3 CAVES	16,5	0,0				16,50	EUR
BQ1	Journal de trésorerie - CREDIT MUTUEL	541	20250903	5121001	Crédit Mutuel - CREDIT MUTUEL SUD OUEST			S3GRUCFPVV	20250903	FRAIS EFF.IMPAYE LES 3 CAVES LES 3 CAVES	0,0	16,5				-16,50	EUR
BQ1	Journal de trésorerie - CREDIT MUTUEL	541	20250903	627	Services bancaires et assimilés			S3GRUCFPVV	20250903	FRAIS EFF.IMPAYE LES 3 CAVES LES 3 CAVES	16,5	0,0				16,50	EUR
BQ1	Journal de trésorerie - CREDIT MUTUEL	542	20250908	5121001	Crédit Mutuel - CREDIT MUTUEL SUD OUEST			FFQXYM00K3	20250908	ANNUL COMMISSION D'INTERVENTION 08/25	13,4	0,0				13,40	EUR
BQ1	Journal de trésorerie - CREDIT MUTUEL	542	20250908	627	Services bancaires et assimilés			FFQXYM00K3	20250908	ANNUL COMMISSION D'INTERVENTION 08/25	0,0	13,4				-13,40	EUR
BQ1	Journal de trésorerie - CREDIT MUTUEL	543	20250909	5121001	Crédit Mutuel - CREDIT MUTUEL SUD OUEST			0ERTWI0QBG	20250909	F FRAIS PRLV IMPAYE SEPA NOVELIA 2524763783870183	0,0	20,0				-20,00	EUR
BQ1	Journal de trésorerie - CREDIT MUTUEL	543	20250909	401	Fournisseurs	401100025	ASU GROUPE TVA KEREIS	0ERTWI0QBG	20250909	F FRAIS PRLV IMPAYE SEPA NOVELIA 2524763783870183	20,0	0,0				20,00	EUR
RT	Journal des récupération de TVA	544	20250909	44564	TVA déductible sur encaissements			SYQCKEUDKO	20250909	F FRAIS PRLV IMPAYE SEPA NOVELIA 2524763783870183	0,0	0,02				-0,02	EUR
RT	Journal des récupération de TVA	544	20250909	44566	TVA sur autres biens et services			SYQCKEUDKO	20250909	F FRAIS PRLV IMPAYE SEPA NOVELIA 2524763783870183	0,02	0,0				0,02	EUR
BQ1	Journal de trésorerie - CREDIT MUTUEL	545	20250909	5121001	Crédit Mutuel - CREDIT MUTUEL SUD OUEST			AHXBS9QPDF	20250909	F FRAIS PRLV IMPAYE SEPA URSSAF D'AQUITAINE 2524764572320747	0,0	20,0				-20,00	EUR
BQ1	Journal de trésorerie - CREDIT MUTUEL	545	20250909	627	Services bancaires et assimilés			AHXBS9QPDF	20250909	F FRAIS PRLV IMPAYE SEPA URSSAF D'AQUITAINE 2524764572320747	20,0	0,0				20,00	EUR
HA	Journal d’achat	546	20250912	6135000003	Locations mobilières (Pas de TVA)			YK7DXJTVW9	20250912	Facture SUMUP - 1380038979	29,0	0,0				29,00	EUR
HA	Journal d’achat	546	20250912	401	Fournisseurs	401100024	SUMUP	YK7DXJTVW9	20250912	Facture SUMUP - 1380038979	0,0	29,0				-29,00	EUR
BQ1	Journal de trésorerie - CREDIT MUTUEL	547	20250917	5121001	Crédit Mutuel - CREDIT MUTUEL SUD OUEST			71AAVUYKPS	20250917	F FRAIS PRLV IMPAYE SEPA URSSAF D'AQUITAINE 2525581926830186	0,0	20,0				-20,00	EUR
BQ1	Journal de trésorerie - CREDIT MUTUEL	547	20250917	627	Services bancaires et assimilés			71AAVUYKPS	20250917	F FRAIS PRLV IMPAYE SEPA URSSAF D'AQUITAINE 2525581926830186	20,0	0,0				20,00	EUR
BQ1	Journal de trésorerie - CREDIT MUTUEL	548	20250917	5121001	Crédit Mutuel - CREDIT MUTUEL SUD OUEST			0FDENYI1C2	20250917	F FRAIS PRLV IMPAYE SEPA Sysco France SAS 2525172601880300	0,0	20,0				-20,00	EUR
BQ1	Journal de trésorerie - CREDIT MUTUEL	548	20250917	627	Services bancaires et assimilés			0FDENYI1C2	20250917	F FRAIS PRLV IMPAYE SEPA Sysco France SAS 2525172601880300	20,0	0,0				20,00	EUR
BQ1	Journal de trésorerie - CREDIT MUTUEL	549	20250918	5121001	Crédit Mutuel - CREDIT MUTUEL SUD OUEST			FB9UWSLQGT	20250918	F FRAIS PRLV IMPAYE SEPA SumUp Payments Limited 2525886783580139	0,0	20,0				-20,00	EUR
BQ1	Journal de trésorerie - CREDIT MUTUEL	549	20250918	627	Services bancaires et assimilés			FB9UWSLQGT	20250918	F FRAIS PRLV IMPAYE SEPA SumUp Payments Limited 2525886783580139	20,0	0,0				20,00	EUR
BQ1	Journal de trésorerie - CREDIT MUTUEL	550	20250919	5121001	Crédit Mutuel - CREDIT MUTUEL SUD OUEST			ELUINWV1H0	20250919	F FRAIS LETTRE INFO CPTE DEB	0,0	19,0				-19,00	EUR
BQ1	Journal de trésorerie - CREDIT MUTUEL	550	20250919	627	Services bancaires et assimilés			ELUINWV1H0	20250919	F FRAIS LETTRE INFO CPTE DEB	19,0	0,0				19,00	EUR
BQ1	Journal de trésorerie - CREDIT MUTUEL	551	20250920	5121001	Crédit Mutuel - CREDIT MUTUEL SUD OUEST			XPOEJFXVGZ	20250920	F FRAIS PRLV IMPAYE SEPA URSSAF D'AQUITAINE 2525988388530076	0,0	20,0				-20,00	EUR
BQ1	Journal de trésorerie - CREDIT MUTUEL	551	20250920	627	Services bancaires et assimilés			XPOEJFXVGZ	20250920	F FRAIS PRLV IMPAYE SEPA URSSAF D'AQUITAINE 2525988388530076	20,0	0,0				20,00	EUR
HA	Journal d’achat	552	20250923	6011300003	ACHATS MAT 1RES TX NORMAL (Pas de TVA)			PPACUHL8GR	20250923	Avoir LES 3 CAVES - DUPLICATA FAC 11-20250902265	0,0	565,0				-565,00	EUR
HA	Journal d’achat	552	20250923	401	Fournisseurs	4013CAVES	LES 3 CAVES	PPACUHL8GR	20250923	Avoir LES 3 CAVES - DUPLICATA FAC 11-20250902265	1167,86	0,0	D	20251010		1167,86	EUR
HA	Journal d’achat	552	20250923	6011300009	ACHATS MAT 1RES TX NORMAL (TVA 20%)			PPACUHL8GR	20250923	Avoir LES 3 CAVES - DUPLICATA FAC 11-20250902265	0,0	502,38				-502,38	EUR
HA	Journal d’achat	552	20250923	44566	TVA sur autres biens et services			PPACUHL8GR	20250923	Avoir LES 3 CAVES - DUPLICATA FAC 11-20250902265	0,0	100,48				-100,48	EUR
BQ1	Journal de trésorerie - CREDIT MUTUEL	553	20250925	5121001	Crédit Mutuel - CREDIT MUTUEL SUD OUEST			IZPSL8EHLA	20250925	REM 1 CHQ BORNE SARLAT	63,5	0,0				63,50	EUR
BQ1	Journal de trésorerie - CREDIT MUTUEL	553	20250925	530	Caisse			IZPSL8EHLA	20250925	REM 1 CHQ BORNE SARLAT	0,0	63,5				-63,50	EUR
HA	Journal d’achat	554	20250927	6226100009	HONORAIRES COMPTABLES (TVA 20%)			B2BJDUEL0P	20250927	Facture LATUDE EXPERTISE & CONSEIL - F-2025-09113	500,0	0,0				500,00	EUR
HA	Journal d’achat	554	20250927	401	Fournisseurs	401100018	LATUDE EXPERTISE & CONSEIL	B2BJDUEL0P	20250927	Facture LATUDE EXPERTISE & CONSEIL - F-2025-09113	0,0	600,0				-600,00	EUR
HA	Journal d’achat	554	20250927	4456400009	TVA déductible sur encaissements (TVA 20%)			B2BJDUEL0P	20250927	Facture LATUDE EXPERTISE & CONSEIL - F-2025-09113	100,0	0,0				100,00	EUR
BQ1	Journal de trésorerie - CREDIT MUTUEL	555	20250930	5121001	Crédit Mutuel - CREDIT MUTUEL SUD OUEST			7ZNPMCKJ43	20250930	F COMMISSION D'INTERVENTION 09/25	0,0	9,6				-9,60	EUR
BQ1	Journal de trésorerie - CREDIT MUTUEL	555	20250930	627	Services bancaires et assimilés			7ZNPMCKJ43	20250930	F COMMISSION D'INTERVENTION 09/25	9,6	0,0				9,60	EUR
PA	Journal de Paie	556	20250930	6411	Salaires, appointements			Q397S2RNDF	20250930	SALAIRE LABICHE 09/2025	1805,76	0,0				1805,76	EUR
PA	Journal de Paie	556	20250930	6451	Cotisations à l'Urssaf			Q397S2RNDF	20250930	SALAIRE LABICHE 09/2025	843,75	0,0				843,75	EUR
PA	Journal de Paie	556	20250930	6453	Cotisations aux caisses de retraites			Q397S2RNDF	20250930	SALAIRE LABICHE 09/2025	94,44	0,0				94,44	EUR
PA	Journal de Paie	556	20250930	6452	Cotisations aux mutuelles			Q397S2RNDF	20250930	SALAIRE LABICHE 09/2025	34,65	0,0				34,65	EUR
PA	Journal de Paie	556	20250930	421	PERSONNEL REMUNERAT DUES			Q397S2RNDF	20250930	SALAIRE LABICHE 09/2025	0,0	1377,33				-1377,33	EUR
PA	Journal de Paie	556	20250930	431	Sécurité sociale			Q397S2RNDF	20250930	SALAIRE LABICHE 09/2025	0,0	1401,27				-1401,27	EUR
BQ1	Journal de trésorerie - CREDIT MUTUEL	557	20251001	5121001	Crédit Mutuel - CREDIT MUTUEL SUD OUEST			TKSKLE9PNU	20251001	LOCATION PRO SOLUTION INETGRALE	0,0	12,0				-12,00	EUR
BQ1	Journal de trésorerie - CREDIT MUTUEL	557	20251001	6135	Locations mobilières			TKSKLE9PNU	20251001	LOCATION PRO SOLUTION INETGRALE	12,0	0,0				12,00	EUR
BQ1	Journal de trésorerie - CREDIT MUTUEL	558	20251006	5121001	Crédit Mutuel - CREDIT MUTUEL SUD OUEST			PYWTQ5ETAW	20251006	COTISATION EUROCOMPTE PRO	0,0	29,46				-29,46	EUR
BQ1	Journal de trésorerie - CREDIT MUTUEL	558	20251006	627	Services bancaires et assimilés			PYWTQ5ETAW	20251006	COTISATION EUROCOMPTE PRO	29,46	0,0				29,46	EUR
BQ1	Journal de trésorerie - CREDIT MUTUEL	559	20251007	5121001	Crédit Mutuel - CREDIT MUTUEL SUD OUEST			IYPTFN7UPQ	20251007	PRLV NOVELIA AVP NOVELIA 2527625172690823 AVP NOVELIA 10164586 2527625172690823	0,0	111,84				-111,84	EUR
BQ1	Journal de trésorerie - CREDIT MUTUEL	559	20251007	401	Fournisseurs	401100025	ASU GROUPE TVA KEREIS	IYPTFN7UPQ	20251007	PRLV NOVELIA AVP NOVELIA 2527625172690823 AVP NOVELIA 10164586 2527625172690823	111,84	0,0				111,84	EUR
RT	Journal des récupération de TVA	560	20251007	44564	TVA déductible sur encaissements			YKPFRGE7HV	20251007	PRLV NOVELIA AVP NOVELIA 2527625172690823 AVP NOVELIA 10164586 2527625172690823	0,0	0,09				-0,09	EUR
RT	Journal des récupération de TVA	560	20251007	44566	TVA sur autres biens et services			YKPFRGE7HV	20251007	PRLV NOVELIA AVP NOVELIA 2527625172690823 AVP NOVELIA 10164586 2527625172690823	0,09	0,0				0,09	EUR
HA	Journal d’achat	561	20251007	6011300003	ACHATS MAT 1RES TX NORMAL (Pas de TVA)			HYO335IG59	20251007	Facture LES 3 CAVES - DUPLICATA FAC 11-20251000605	39,0	0,0				39,00	EUR
HA	Journal d’achat	561	20251007	401	Fournisseurs	4013CAVES	LES 3 CAVES	HYO335IG59	20251007	Facture LES 3 CAVES - DUPLICATA FAC 11-20251000605	0,0	39,0	D	20251010		-39,00	EUR
BQ1	Journal de trésorerie - CREDIT MUTUEL	562	20251007	5121001	Crédit Mutuel - CREDIT MUTUEL SUD OUEST			6HMSHAU4G4	20251007	VIR DRFIP ILE DE FRANCE ET DE PA P 880971E001P001 BDR 067554145 1D0750000 -ANCV-DC2599A5U1-1 2527931423440063	3631,82	0,0				3631,82	EUR
BQ1	Journal de trésorerie - CREDIT MUTUEL	562	20251007	530	Caisse			6HMSHAU4G4	20251007	VIR DRFIP ILE DE FRANCE ET DE PA P 880971E001P001 BDR 067554145 1D0750000 -ANCV-DC2599A5U1-1 2527931423440063	0,0	3631,82				-3631,82	EUR
BQ1	Journal de trésorerie - CREDIT MUTUEL	563	20251007	5121001	Crédit Mutuel - CREDIT MUTUEL SUD OUEST			Z7BLQP8BVF	20251007	PRLV URSSAF D'AQUITAINE UR 727000000657515045 OCT 253 2527625664680720 UR 727000000657515045 OCT 25325416099698061025 RD677272510012302325416099698028571 2527625664680720	0,0	552,0				-552,00	EUR
BQ1	Journal de trésorerie - CREDIT MUTUEL	563	20251007	6460000003	Cotisations sociales personnelles de l'exploitant (Pas de TVA)			Z7BLQP8BVF	20251007	PRLV URSSAF D'AQUITAINE UR 727000000657515045 OCT 253 2527625664680720 UR 727000000657515045 OCT 25325416099698061025 RD677272510012302325416099698028571 2527625664680720	552,0	0,0				552,00	EUR
BQ1	Journal de trésorerie - CREDIT MUTUEL	564	20251009	5121001	Crédit Mutuel - CREDIT MUTUEL SUD OUEST			2VQIC2VGL3	20251009	VIR GUY MARIEL NOCUS TOMY MICHEL SYLVAIN 2528240264810001	0,0	1760,0				-1760,00	EUR
BQ1	Journal de trésorerie - CREDIT MUTUEL	564	20251009	6132	Locations immobilières			2VQIC2VGL3	20251009	VIR GUY MARIEL NOCUS TOMY MICHEL SYLVAIN 2528240264810001	1760,0	0,0				1760,00	EUR
BQ1	Journal de trésorerie - CREDIT MUTUEL	565	20251009	5121001	Crédit Mutuel - CREDIT MUTUEL SUD OUEST			FPOKOZKAD9	20251009	VIR LABICHE MYLENE NOCUS TOMY MICHEL SYLVAIN 2528240118950001	0,0	1000,0				-1000,00	EUR
BQ1	Journal de trésorerie - CREDIT MUTUEL	565	20251009	108	Compte de l'exploitant			FPOKOZKAD9	20251009	VIR LABICHE MYLENE NOCUS TOMY MICHEL SYLVAIN 2528240118950001	1000,0	0,0				1000,00	EUR
BQ1	Journal de trésorerie - CREDIT MUTUEL	566	20251010	5121001	Crédit Mutuel - CREDIT MUTUEL SUD OUEST			CJNNZCSKZF	20251010	VIR 1 SAS LES 3 CAVES RBT AVOIR 10021 LE RESTO CAMPING LE PIGEONNI 2528342159890652	464,57	0,0				464,57	EUR
BQ1	Journal de trésorerie - CREDIT MUTUEL	566	20251010	401	Fournisseurs	4013CAVES	LES 3 CAVES	CJNNZCSKZF	20251010	VIR 1 SAS LES 3 CAVES RBT AVOIR 10021 LE RESTO CAMPING LE PIGEONNI 2528342159890652	0,0	464,57	D	20251010		-464,57	EUR
OD	Journal des opérations diverses	567	20251010	401	Fournisseurs	4013CAVES	LES 3 CAVES	YEGGICQQ0M	20251010	LES 3 CAVES - 2025	0,0	379,3	D	20251010		-379,30	EUR
OD	Journal des opérations diverses	567	20251010	60113	ACHATS MAT 1RES TX NORMAL			YEGGICQQ0M	20251010	LES 3 CAVES - 2025	379,3	0,0				379,30	EUR
HA	Journal d’achat	568	20251013	6135000009	Locations mobilières (TVA 20%)			MJHG2O97MX	20251013	Facture SUMUP - 1380053868	24,17	0,0				24,17	EUR
HA	Journal d’achat	568	20251013	401	Fournisseurs	401100024	SUMUP	MJHG2O97MX	20251013	Facture SUMUP - 1380053868	0,0	29,0	EI	20251015		-29,00	EUR
HA	Journal d’achat	568	20251013	4456400009	TVA déductible sur encaissements (TVA 20%)			MJHG2O97MX	20251013	Facture SUMUP - 1380053868	4,83	0,0	EJ	20251015		4,83	EUR
BQ1	Journal de trésorerie - CREDIT MUTUEL	569	20251013	5121001	Crédit Mutuel - CREDIT MUTUEL SUD OUEST			GJBVRZNIMS	20251013	COMM. DE DECOUVERT TRIM 03	0,0	6,52				-6,52	EUR
BQ1	Journal de trésorerie - CREDIT MUTUEL	569	20251013	627	Services bancaires et assimilés			GJBVRZNIMS	20251013	COMM. DE DECOUVERT TRIM 03	6,52	0,0				6,52	EUR
BQ1	Journal de trésorerie - CREDIT MUTUEL	570	20251013	5121001	Crédit Mutuel - CREDIT MUTUEL SUD OUEST			Q4AECKIWDK	20251013	COMM. D'ENGAGEMENT TRIM 03	0,0	2,52				-2,52	EUR
BQ1	Journal de trésorerie - CREDIT MUTUEL	570	20251013	627	Services bancaires et assimilés			Q4AECKIWDK	20251013	COMM. D'ENGAGEMENT TRIM 03	2,52	0,0				2,52	EUR
BQ1	Journal de trésorerie - CREDIT MUTUEL	571	20251013	5121001	Crédit Mutuel - CREDIT MUTUEL SUD OUEST			I8TAOXLED6	20251013	COMM. DE MOUVEMENT TRIM 03	0,0	15,23				-15,23	EUR
BQ1	Journal de trésorerie - CREDIT MUTUEL	571	20251013	627	Services bancaires et assimilés			I8TAOXLED6	20251013	COMM. DE MOUVEMENT TRIM 03	15,23	0,0				15,23	EUR
BQ1	Journal de trésorerie - CREDIT MUTUEL	572	20251013	5121001	Crédit Mutuel - CREDIT MUTUEL SUD OUEST			JBE1UDQVUP	20251013	INT DEB TRIM 03 TEG 11,7586	0,0	34,73				-34,73	EUR
BQ1	Journal de trésorerie - CREDIT MUTUEL	572	20251013	627	Services bancaires et assimilés			JBE1UDQVUP	20251013	INT DEB TRIM 03 TEG 11,7586	34,73	0,0				34,73	EUR
BQ1	Journal de trésorerie - CREDIT MUTUEL	573	20251014	5121001	Crédit Mutuel - CREDIT MUTUEL SUD OUEST			JRQ5HAOTZE	20251014	VIR LABICHE MYLENE NOCUS TOMY MICHEL SYLVAIN 2528747631550001	0,0	400,0				-400,00	EUR
BQ1	Journal de trésorerie - CREDIT MUTUEL	573	20251014	108	Compte de l'exploitant			JRQ5HAOTZE	20251014	VIR LABICHE MYLENE NOCUS TOMY MICHEL SYLVAIN 2528747631550001	400,0	0,0				400,00	EUR
BQ1	Journal de trésorerie - CREDIT MUTUEL	574	20251015	5121001	Crédit Mutuel - CREDIT MUTUEL SUD OUEST			ARYARPTU79	20251015	PRLV SumUp Payments Limited SUMUP LIMITED 12.10.2025 2528646888480326 SUMUP LIMITED 12.10.2025 TEKLECELXG 2528646888480326	0,0	29,0				-29,00	EUR
BQ1	Journal de trésorerie - CREDIT MUTUEL	574	20251015	401	Fournisseurs	401100024	SUMUP	ARYARPTU79	20251015	PRLV SumUp Payments Limited SUMUP LIMITED 12.10.2025 2528646888480326 SUMUP LIMITED 12.10.2025 TEKLECELXG 2528646888480326	29,0	0,0	EI	20251015		29,00	EUR
RT	Journal des récupération de TVA	575	20251015	4456400009	TVA déductible sur encaissements (TVA 20%)			AJ5UEUZATR	20251015	PRLV SumUp Payments Limited SUMUP LIMITED 12.10.2025 2528646888480326 SUMUP LIMITED 12.10.2025 TEKLECELXG 2528646888480326	0,0	4,83	EJ	20251015		-4,83	EUR
RT	Journal des récupération de TVA	575	20251015	44566	TVA sur autres biens et services			AJ5UEUZATR	20251015	PRLV SumUp Payments Limited SUMUP LIMITED 12.10.2025 2528646888480326 SUMUP LIMITED 12.10.2025 TEKLECELXG 2528646888480326	4,83	0,0				4,83	EUR
BQ1	Journal de trésorerie - CREDIT MUTUEL	576	20251017	5121001	Crédit Mutuel - CREDIT MUTUEL SUD OUEST			BTOV9EXDXU	20251017	F FRAIS PRLV IMPAYE SEPA URSSAF D'AQUITAINE 2528748478840636	0,0	20,0				-20,00	EUR
BQ1	Journal de trésorerie - CREDIT MUTUEL	576	20251017	627	Services bancaires et assimilés			BTOV9EXDXU	20251017	F FRAIS PRLV IMPAYE SEPA URSSAF D'AQUITAINE 2528748478840636	20,0	0,0				20,00	EUR
BQ1	Journal de trésorerie - CREDIT MUTUEL	577	20251017	5121001	Crédit Mutuel - CREDIT MUTUEL SUD OUEST			JLRI8U00Q9	20251017	F FRAIS PRLV IMPAYE SEPA Sysco France SAS 2528032852300119	0,0	14,4				-14,40	EUR
BQ1	Journal de trésorerie - CREDIT MUTUEL	577	20251017	627	Services bancaires et assimilés			JLRI8U00Q9	20251017	F FRAIS PRLV IMPAYE SEPA Sysco France SAS 2528032852300119	14,4	0,0				14,40	EUR
BQ1	Journal de trésorerie - CREDIT MUTUEL	578	20251022	5121001	Crédit Mutuel - CREDIT MUTUEL SUD OUEST			F4VKTCJNSP	20251022	F FRAIS PRLV IMPAYE SEPA URSSAF D'AQUITAINE 2529054868500586	0,0	20,0				-20,00	EUR
BQ1	Journal de trésorerie - CREDIT MUTUEL	578	20251022	627	Services bancaires et assimilés			F4VKTCJNSP	20251022	F FRAIS PRLV IMPAYE SEPA URSSAF D'AQUITAINE 2529054868500586	20,0	0,0				20,00	EUR
BQ1	Journal de trésorerie - CREDIT MUTUEL	579	20251031	5121001	Crédit Mutuel - CREDIT MUTUEL SUD OUEST			WY4RWRP8SL	20251031	F COMMISSION D'INTERVENTION 10/25	0,0	28,8				-28,80	EUR
BQ1	Journal de trésorerie - CREDIT MUTUEL	579	20251031	627	Services bancaires et assimilés			WY4RWRP8SL	20251031	F COMMISSION D'INTERVENTION 10/25	28,8	0,0				28,80	EUR
BQ1	Journal de trésorerie - CREDIT MUTUEL	580	20251103	5121001	Crédit Mutuel - CREDIT MUTUEL SUD OUEST			J0MDVBT4HR	20251103	COTISATION EUROCOMPTE PRO	0,0	29,46				-29,46	EUR
BQ1	Journal de trésorerie - CREDIT MUTUEL	580	20251103	627	Services bancaires et assimilés			J0MDVBT4HR	20251103	COTISATION EUROCOMPTE PRO	29,46	0,0				29,46	EUR
BQ1	Journal de trésorerie - CREDIT MUTUEL	581	20251103	5121001	Crédit Mutuel - CREDIT MUTUEL SUD OUEST			6V8LQTJOIY	20251103	LOCATION PRO SOLUTION INETGRALE	0,0	12,0				-12,00	EUR
BQ1	Journal de trésorerie - CREDIT MUTUEL	581	20251103	6135	Locations mobilières			6V8LQTJOIY	20251103	LOCATION PRO SOLUTION INETGRALE	12,0	0,0				12,00	EUR
BQ1	Journal de trésorerie - CREDIT MUTUEL	582	20251107	5121001	Crédit Mutuel - CREDIT MUTUEL SUD OUEST			AULPXSA2M9	20251107	F FRAIS LETTRE INFO CPTE DEB	0,0	19,0				-19,00	EUR
BQ1	Journal de trésorerie - CREDIT MUTUEL	582	20251107	627	Services bancaires et assimilés			AULPXSA2M9	20251107	F FRAIS LETTRE INFO CPTE DEB	19,0	0,0				19,00	EUR
BQ1	Journal de trésorerie - CREDIT MUTUEL	583	20251107	5121001	Crédit Mutuel - CREDIT MUTUEL SUD OUEST			VSIT2OSG3M	20251107	F FRAIS PRLV IMPAYE SEPA URSSAF D'AQUITAINE 2530893842590777	0,0	20,0				-20,00	EUR
BQ1	Journal de trésorerie - CREDIT MUTUEL	583	20251107	627	Services bancaires et assimilés			VSIT2OSG3M	20251107	F FRAIS PRLV IMPAYE SEPA URSSAF D'AQUITAINE 2530893842590777	20,0	0,0				20,00	EUR
HA	Journal d’achat	584	20251112	6135000003	Locations mobilières (Pas de TVA)			A8CWWAEOLG	20251112	Facture SUMUP - 1380074895	29,0	0,0				29,00	EUR
HA	Journal d’achat	584	20251112	401	Fournisseurs	401100024	SUMUP	A8CWWAEOLG	20251112	Facture SUMUP - 1380074895	0,0	29,0				-29,00	EUR
BQ1	Journal de trésorerie - CREDIT MUTUEL	585	20251118	5121001	Crédit Mutuel - CREDIT MUTUEL SUD OUEST			HDAHIMPIQ9	20251118	F FRAIS PRLV IMPAYE SEPA SumUp Payments Limited 2531714472580117	0,0	20,0				-20,00	EUR
BQ1	Journal de trésorerie - CREDIT MUTUEL	585	20251118	627	Services bancaires et assimilés			HDAHIMPIQ9	20251118	F FRAIS PRLV IMPAYE SEPA SumUp Payments Limited 2531714472580117	20,0	0,0				20,00	EUR
BQ1	Journal de trésorerie - CREDIT MUTUEL	586	20251119	5121001	Crédit Mutuel - CREDIT MUTUEL SUD OUEST			TUE4V7URYL	20251119	F FRAIS PRLV IMPAYE SEPA URSSAF D'AQUITAINE 2531815551650497	0,0	20,0				-20,00	EUR
BQ1	Journal de trésorerie - CREDIT MUTUEL	586	20251119	627	Services bancaires et assimilés			TUE4V7URYL	20251119	F FRAIS PRLV IMPAYE SEPA URSSAF D'AQUITAINE 2531815551650497	20,0	0,0				20,00	EUR
HA	Journal d’achat	587	20251122	4096	Fournisseurs - Créances pour emballages et matériel à rendre			LFEG6YPC5J	20251122	Emballages consignés - Facture LES 3 CAVES - DUPLICATA FAC 11-20251101714	90,0	0,0				90,00	EUR
HA	Journal d’achat	587	20251122	401	Fournisseurs	4013CAVES	LES 3 CAVES	LFEG6YPC5J	20251122	Facture LES 3 CAVES - DUPLICATA FAC 11-20251101714	0,0	454,62				-454,62	EUR
HA	Journal d’achat	587	20251122	6011300009	ACHATS MAT 1RES TX NORMAL (TVA 20%)			LFEG6YPC5J	20251122	Facture LES 3 CAVES - DUPLICATA FAC 11-20251101714	303,85	0,0				303,85	EUR
HA	Journal d’achat	587	20251122	44566	TVA sur autres biens et services			LFEG6YPC5J	20251122	Facture LES 3 CAVES - DUPLICATA FAC 11-20251101714	60,77	0,0				60,77	EUR
BQ1	Journal de trésorerie - CREDIT MUTUEL	588	20251126	5121001	Crédit Mutuel - CREDIT MUTUEL SUD OUEST			TCGHX0QNPE	20251126	F FRAIS LETTRE INFO CPTE DEB	0,0	19,0				-19,00	EUR
BQ1	Journal de trésorerie - CREDIT MUTUEL	588	20251126	627	Services bancaires et assimilés			TCGHX0QNPE	20251126	F FRAIS LETTRE INFO CPTE DEB	19,0	0,0				19,00	EUR
BQ1	Journal de trésorerie - CREDIT MUTUEL	589	20251201	5121001	Crédit Mutuel - CREDIT MUTUEL SUD OUEST			2HPVVGIL0Z	20251201	LOCATION PRO SOLUTION INETGRALE	0,0	12,0				-12,00	EUR
BQ1	Journal de trésorerie - CREDIT MUTUEL	589	20251201	6135	Locations mobilières			2HPVVGIL0Z	20251201	LOCATION PRO SOLUTION INETGRALE	12,0	0,0				12,00	EUR
BQ1	Journal de trésorerie - CREDIT MUTUEL	590	20251202	5121001	Crédit Mutuel - CREDIT MUTUEL SUD OUEST			KI7NVBIRU0	20251202	COTISATION EUROCOMPTE PRO	0,0	29,46				-29,46	EUR
BQ1	Journal de trésorerie - CREDIT MUTUEL	590	20251202	627	Services bancaires et assimilés			KI7NVBIRU0	20251202	COTISATION EUROCOMPTE PRO	29,46	0,0				29,46	EUR
BQ1	Journal de trésorerie - CREDIT MUTUEL	591	20251205	7580000003	Indemnités et autres produits (anciennement Produits divers de gestion courante) (Pas de TVA)			GOVWP1QRZ2	20251205	FRAIS EFF.IMPAYE S A S LES S A S LES 3 CAVES	0,0	0,5				-0,50	EUR
BQ1	Journal de trésorerie - CREDIT MUTUEL	591	20251205	5121001	Crédit Mutuel - CREDIT MUTUEL SUD OUEST			GOVWP1QRZ2	20251205	FRAIS EFF.IMPAYE S A S LES S A S LES 3 CAVES	0,0	16,5				-16,50	EUR
BQ1	Journal de trésorerie - CREDIT MUTUEL	591	20251205	401	Fournisseurs	4013CAVES	LES 3 CAVES	GOVWP1QRZ2	20251205	FRAIS EFF.IMPAYE S A S LES S A S LES 3 CAVES	17,0	0,0	EK	20260107		17,00	EUR
HA	Journal d’achat	592	20251212	6135000003	Locations mobilières (Pas de TVA)			E6RHURDPZL	20251212	Facture SUMUP - 1380098369	29,0	0,0				29,00	EUR
HA	Journal d’achat	592	20251212	401	Fournisseurs	401100024	SUMUP	E6RHURDPZL	20251212	Facture SUMUP - 1380098369	0,0	29,0				-29,00	EUR
BQ1	Journal de trésorerie - CREDIT MUTUEL	593	20251218	5121001	Crédit Mutuel - CREDIT MUTUEL SUD OUEST			2XLVVZMQBQ	20251218	F FRAIS PRLV IMPAYE SEPA SumUp Payments Limited 2534982715620141	0,0	20,0				-20,00	EUR
BQ1	Journal de trésorerie - CREDIT MUTUEL	593	20251218	627	Services bancaires et assimilés			2XLVVZMQBQ	20251218	F FRAIS PRLV IMPAYE SEPA SumUp Payments Limited 2534982715620141	20,0	0,0				20,00	EUR
BQ1	Journal de trésorerie - CREDIT MUTUEL	594	20251219	5121001	Crédit Mutuel - CREDIT MUTUEL SUD OUEST			FCUCENXKCI	20251219	F RETOUR COURRIER / PLI NON DISTRIBUABLE	0,0	27,5				-27,50	EUR
BQ1	Journal de trésorerie - CREDIT MUTUEL	594	20251219	627	Services bancaires et assimilés			FCUCENXKCI	20251219	F RETOUR COURRIER / PLI NON DISTRIBUABLE	27,5	0,0				27,50	EUR
OD	Journal des opérations diverses	595	20251231	401	Fournisseurs	401ACTION	ACTION	5IVGWGBQKR	20251231	CCA	0,0	544,79	K	20251231		-544,79	EUR
OD	Journal des opérations diverses	595	20251231	108	Compte de l'exploitant			5IVGWGBQKR	20251231	CCA	544,79	0,0				544,79	EUR
OD	Journal des opérations diverses	596	20251231	401	Fournisseurs	401CARREF	CARREFOUR	1IMM9GXSIN	20251231	cca	0,0	3168,58	I	20251231		-3168,58	EUR
OD	Journal des opérations diverses	596	20251231	108	Compte de l'exploitant			1IMM9GXSIN	20251231	cca	3168,58	0,0				3168,58	EUR
OD	Journal des opérations diverses	597	20251231	401	Fournisseurs	401HALLE	LA HALLE CREPINOISE	HPNGMRB16H	20251231	cca	0,0	217,71	R	20251231		-217,71	EUR
OD	Journal des opérations diverses	597	20251231	108	Compte de l'exploitant			HPNGMRB16H	20251231	cca	217,71	0,0				217,71	EUR
OD	Journal des opérations diverses	598	20251231	401	Fournisseurs	401INTERM	INTERMARCHE	BTVWOXWSSZ	20251231	cca	0,0	566,94	J	20251231		-566,94	EUR
OD	Journal des opérations diverses	598	20251231	108	Compte de l'exploitant			BTVWOXWSSZ	20251231	cca	566,94	0,0				566,94	EUR
OD	Journal des opérations diverses	599	20251231	401	Fournisseurs	401LECLER	LECLERC	JII6IICRNY	20251231	cca	0,0	270,57	N	20251231		-270,57	EUR
OD	Journal des opérations diverses	599	20251231	108	Compte de l'exploitant			JII6IICRNY	20251231	cca	270,57	0,0				270,57	EUR
OD	Journal des opérations diverses	600	20251231	401	Fournisseurs	401CARREF	CARREFOUR	EOIL4QRCD3	20251231	cca	26,29	0,0	BL	20251231		26,29	EUR
OD	Journal des opérations diverses	600	20251231	108	Compte de l'exploitant			EOIL4QRCD3	20251231	cca	0,0	26,29				-26,29	EUR
OD	Journal des opérations diverses	601	20251231	401	Fournisseurs	401CARREF	CARREFOUR	W5W92LOGXE	20251231	cca	4,23	0,0	CB	20251231		4,23	EUR
OD	Journal des opérations diverses	601	20251231	108	Compte de l'exploitant			W5W92LOGXE	20251231	cca	0,0	4,23				-4,23	EUR
OD	Journal des opérations diverses	602	20251231	401	Fournisseurs	401CARREF	CARREFOUR	VUIIL3QDHT	20251231	cca	51,76	0,0	DC	20251231		51,76	EUR
OD	Journal des opérations diverses	602	20251231	108	Compte de l'exploitant			VUIIL3QDHT	20251231	cca	0,0	51,76				-51,76	EUR
OD	Journal des opérations diverses	603	20251231	401	Fournisseurs	401CARREF	CARREFOUR	WYVXWDUW0T	20251231	cca	105,0	0,0	DI	20251231		105,00	EUR
OD	Journal des opérations diverses	603	20251231	108	Compte de l'exploitant			WYVXWDUW0T	20251231	cca	0,0	105,0				-105,00	EUR
OD	Journal des opérations diverses	604	20251231	4096	Fournisseurs - Créances pour emballages et matériel à rendre			BUBHSCLJ6X	20251231	CONSIGNE SOLDE 2025	0,0	800,0				-800,00	EUR
OD	Journal des opérations diverses	604	20251231	6011300009	ACHATS MAT 1RES TX NORMAL (TVA 20%)			BUBHSCLJ6X	20251231	CONSIGNE SOLDE 2025	800,0	0,0				800,00	EUR
OD	Journal des opérations diverses	605	20251231	530	Caisse			WFCG6R8MEG	20251231	CA 2025	44814,02	0,0				44814,02	EUR
OD	Journal des opérations diverses	605	20251231	7011000008	RECETTES 10% (TVA 10%)			WFCG6R8MEG	20251231	CA 2025	0,0	27010,63				-27010,63	EUR
OD	Journal des opérations diverses	605	20251231	7012000009	RECETTES 20% (TVA 20%)			WFCG6R8MEG	20251231	CA 2025	0,0	12585,27				-12585,27	EUR
OD	Journal des opérations diverses	605	20251231	44571009	TVA collectée à 20%			WFCG6R8MEG	20251231	CA 2025	0,0	2517,05				-2517,05	EUR
OD	Journal des opérations diverses	605	20251231	44571008	TVA collectée à 10%			WFCG6R8MEG	20251231	CA 2025	0,0	2701,07				-2701,07	EUR
OD	Journal des opérations diverses	606	20251231	530	Caisse			Z9I5JNVAIW	20251231	CAISSE 2025	0,0	1353,72				-1353,72	EUR
OD	Journal des opérations diverses	606	20251231	108	Compte de l'exploitant			Z9I5JNVAIW	20251231	CAISSE 2025	1353,72	0,0				1353,72	EUR
OD	Journal des opérations diverses	607	20251231	44571009	TVA collectée à 20%			KSHGMMKANV	20251231	TVA A PAYER 2025	2541,73	0,0				2541,73	EUR
OD	Journal des opérations diverses	607	20251231	44571008	TVA collectée à 10%			KSHGMMKANV	20251231	TVA A PAYER 2025	3036,52	0,0				3036,52	EUR
OD	Journal des opérations diverses	607	20251231	44571006	TVA collectée à 5.5%			KSHGMMKANV	20251231	TVA A PAYER 2025	332,94	0,0				332,94	EUR
OD	Journal des opérations diverses	607	20251231	4455	Taxes sur le chiffre d'affaires à décaisser			KSHGMMKANV	20251231	TVA A PAYER 2025	0,0	2942,0				-2942,00	EUR
OD	Journal des opérations diverses	607	20251231	44566	TVA sur autres biens et services			KSHGMMKANV	20251231	TVA A PAYER 2025	0,0	2969,19				-2969,19	EUR
